4612 5964
462 677 508 750 68
989 671 1292 748 REGISTRUM
1661 680 1816 775 [secunx

465 989 617 1062 Statuta
634 1032 642 1047 ·

465 1211 539 1285 Die
572 1212 741 1305 mercurij
773 1212 964 1284 undecima
998 1211 1057 1283 die
1078 1205 1218 1281 'mensis
1246 1208 1410 1301 Jonnarij
1441 1229 1538 1280 anno
1568 1232 1590 1280 a
1619 1213 1815 1283 natiuitate

466 1323 618 1395 Domini
640 1318 831 1395 millesimo
848 1317 1199 1418 quadringentesimo
1215 1315 1487 1416 quadragesimo
1506 1321 1731 1394 venerabiles
1748 1324 1814 1394 viri

466 1436 605 1506 domini
623 1445 662 1507 et
679 1431 840 1530 magistri
859 1431 1044 1505 Henricns
1061 1432 1186 1525 Hemy
1202 1442 1329 1504 cautor
1346 1441 1386 1504 et
1403 1423 1587 1524 presrdens
1612 1430 1752 1504 decano
1777 1435 1814 1504 in

466 1549 618 1618 remotis
651 1556 785 1642 agente
820 1542 1023 1616 Duncanus
1056 1545 1100 1616 de
1134 1544 1324 1639 Lycbtone
1358 1541 1596 1616 cancellarius
1631 1541 1815 1616 Henricus

467 1657 600 1750 Rynde
638 1654 882 1730 thesaurarius
921 1654 1143 1728 Lauroncius
1176 1655 1271 1751 Pyot
1305 1654 1590 1748 archydiaconus
1624 1652 1816 1726 Walterus

466 1768 605 1842 Sta-art
630 1768 677 1840 de
701 1766 925 1861 Kyncardyn
948 1765 1168 1839 Wilbelmua
1193 1766 1404 1839 Crawfnrdo
1429 1765 1476 1836 de
1501 1764 1680 1836 (lrowden
1708 1765 1816 1862 Iuge-

467 1903 590 1952 ramus
624 1880 671 1950 da
701 1873 892 1970 Lyndesay
926 1876 973 1947 de
1008 1875 1176 1948 Metblak
1207 1876 1397 1950 Walterns
1431 1878 1477 1948 de
1512 1876 1736 1950 Foulartone
1769 1881 1815 1952 de

467 1987 678 2062 Codilstaae
706 1987 864 2060 Thomas
894 1987 941 2057 de
972 1985 1134 2058 Edname
1162 1989 1208 2060 de
1238 1986 1324 2059 Clas
1357 1987 1547 2060 Jobannes
1576 1989 1736 2062 Stewurt
1769 1993 1815 2063 de

466 2099 792 2192 Bancborpdewuy
815 2095 999 2167 Robertus
1026 2099 1181 2168 Stowart
1205 2097 1252 2169 de
1277 2097 1376 2170 Dera
1402 2098 1582 2172 Ricarduo
1606 2101 1654 2172 de
1681 2101 1817 2174 Forbes

466 2212 512 2282 de
531 2207 780 2301 Inuernochty
798 2217 836 2278 et
853 2205 1042 2276 Jobonnes
1067 2207 1110 2276 de
1135 2205 1218 2278 Clat
1241 2206 1287 2279 de
1313 2207 1478 2279 Glowetb
1506 2211 1551 2282 ad
1579 2221 1725 2305 tempus
1743 2217 1817 2286 vite

467 2321 632 2393 canonici
664 2329 703 2390 et
733 2316 963 2412 prebendarij
991 2337 1033 2387 ac
1063 2315 1271 2388 Alexander
1300 2316 1436 2412 Ogilby
1463 2323 1659 2392 canonicus
1688 2334 1726 2394 et
1753 2349 1816 2396 ex·

466 2435 616 2528 pedans
633 2426 785 2504 ecclesie
803 2421 1073 2499 Abcrdonensrs
1092 2427 1338 2522 capitulariter
1354 2433 1564 2524 congregati
1581 2435 1816 2508 attendentes

465 2555 504 2616 et
530 2538 801 2617 considerantes
825 2537 1003 2610 nonnulla
1027 2561 1091 2632 pro
1114 2541 1413 2633 augmentatione
1438 2540 1562 2613 cultus
1578 2542 1694 2615 diuini
1720 2543 1816 2620 urse

465 2650 617 2728 ecclesie
635 2646 906 2725 Abcrdonensrs
931 2672 974 2720 ac
999 2672 1063 2743 pro
1088 2649 1356 2723 consternatione
1383 2652 1657 2746 priuilegioruur
1683 2657 1814 2728 iurium

464 2768 678 2840 libertatum
705 2774 745 2838 et
770 2763 1046 2836 immunitatum
1071 2760 1215 2856 capituli
1242 2785 1385 2834 necnon
1403 2765 1658 2836 canonicorum
1676 2767 1816 2860 prefate

464 2873 615 2952 ecclesie
632 2877 710 2948 sore
727 2873 831 2946 vtilia
847 2895 890 2945 ac
911 2873 1095 2966 perpetuis
1119 2873 1342 2966 temporibus
1367 2882 1533 2968 tempore
1559 2879 1814 2950 canonicorum

464 2991 510 3061 de
528 2986 686 3082 presenti
713 2981 949 3058 existentium
967 2993 1007 3054 ct
1024 2984 1223 3054 futurorum
1241 2993 1342 3055 certa
1359 2981 1495 3058 statuta
1512 2995 1552 3058 et
1569 2987 1815 3062 ordinationes

464 3100 661 3170 voluerunt
687 3117 813 3168 omnes
830 3104 869 3166 et
886 3088 1044 3187 singulos
1069 3095 1256 3164 canonicos
1273 3095 1369 3166 diste
1386 3091 1538 3168 ecclesie
1560 3094 1706 3194 astringi
1733 3103 1813 3196 cogi

464 3225 501 3283 et
520 3207 691 3302 compelli
710 3208 748 3278 in
765 3205 893 3277 modos
909 3201 1125 3296 sequentes·

465 3435 589 3522 Primo
606 3433 692 3526 quia
708 3428 792 3524 sepe
809 3429 847 3500 in
865 3427 960 3498 dida
978 3422 1123 3498 ecclelia
1140 3423 1251 3498 risum
1270 3422 1323 3498 est
1341 3428 1437 3520 quod
1464 3429 1642 3523 capellani
1670 3435 1810 3508 diaconi

463 3544 672 3616 subdiaconi
691 3551 729 3614 et
746 3539 808 3634 alij
826 3532 982 3610 ministri
1000 3537 1095 3610 ebori
1113 3539 1173 3630 qui
1190 3538 1237 3609 de
1255 3541 1439 3612 canonicis
1456 3542 1690 3633 prebendatis
1707 3545 1810 3620 suum

462 3655 632 3728 salarium
658 3661 852 3746 exportare
882 3649 1020 3721 debent
1045 3649 1223 3720 interdum
1252 3649 1300 3720 ob
1325 3672 1400 3721 non
1417 3648 1635 3724 solutionem
1661 3681 1683 3730 u
1708 3659 1810 3732 cultu

461 3769 588 3840 diuino
618 3763 796 3837 recedunt
832 3770 1025 3856 propterca
1053 3760 1179 3856 prefati
1210 3759 1347 3832 domini
1378 3761 1545 3834 volentes
1575 3764 1621 3836 de
1651 3771 1812 3843 remedio

460 3889 642 3974 oportuno
658 3873 851 3972 prouidere
869 3869 1073 3944 statuerunt
1086 3884 1123 3944 ct
1135 3871 1346 3943 ordinarunt
1360 3874 1455 3966 quod
1474 3874 1598 3947 nullus
1614 3884 1811 3956 canonicus

459 3988 706 4086 prehendatur
730 3981 990 4075 cuiuscumque
1008 3984 1190 4078 dignitatis
1217 3977 1331 4054 status
1355 3985 1488 4078 gradus
1506 3983 1565 4059 vel
1590 3989 1810 4066 conditionis

459 4095 593 4175 existat
614 4101 652 4170 in
673 4095 851 4170 elestione
868 4093 983 4165 suturi
1009 4095 1184 4188 pontilicis
1208 4089 1330 4164 nostre
1355 4090 1506 4167 ecclesie
1531 4119 1628 4171 nuuc
1647 4107 1809 4176 vacantis

457 4237 523 4308 per
538 4211 682 4284 obitum
707 4207 804 4280 bono
828 4206 1005 4278 memorio
1023 4203 1170 4279 Ilenrici
1188 4203 1307 4277 ultimi
1333 4201 1485 4298 pastoris
1509 4205 1632 4284 nostro
1657 4213 1808 4288 ecclesie

457 4323 619 4421 predisto
643 4319 689 4394 ad
715 4317 915 4413 predibtum
941 4313 1153 4388 electionem
1177 4315 1396 4388 admittatur
1419 4315 1486 4391 nisr
1513 4320 1613 4414 prius
1647 4337 1687 4397 et
1719 4340 1808 4400 ante

456 4437 580 4510 omnia
610 4431 765 4528 quilibet
799 4426 996 4502 canonicus
1030 4424 1170 4522 presens
1199 4427 1236 4498 in
1268 4425 1445 4501 electione
1479 4432 1642 4526 predicta
1671 4439 1733 4532 qui
1768 4441 1805 4512 iu

454 4547 609 4622 ciuitate
642 4533 894 4616 Aberdonensr
939 4559 1013 4610 non
1047 4533 1222 4612 relidebat
1255 4535 1374 4633 spacio
1413 4543 1520 4616 unius
1554 4543 1685 4621 mensas
1719 4563 1805 4623 anto
