4590 5954
504 706 612 801 x111.]
968 715 1374 791 ABERDONENSE.
1799 725 1848 796 99

504 927 628 979 omnes
653 906 772 982 clerici
799 912 990 1010 diligenter
1014 915 1051 989 sc
1074 913 1311 988 abstineant·
1336 913 1550 984 commercia
1572 909 1746 983 secularia
1771 937 1846 986 non

502 1027 695 1091 exerceant
717 1027 874 1099 maxime
899 1024 1112 1100 inhonesta·
1132 1026 1301 1098 tabernas
1326 1025 1468 1095 enitent
1492 1019 1632 1116 prorsus
1653 1017 1719 1093 nisa
1738 1024 1845 1097 causa

499 1125 717 1206 necessitatis
733 1135 826 1210 sorte
842 1140 882 1211 in
896 1141 1026 1212 itinere
1047 1133 1236 1211 constituti
1253 1174 1263 1190 ·
1281 1155 1449 1204 coronam
1467 1143 1505 1204 et
1522 1131 1706 1205 tonsuram
1732 1133 1844 1206 habe-

499 1251 564 1314 ant
580 1256 847 1342 competentem
865 1293 874 1310 ·
892 1249 1092 1324 sacerdotes
1109 1246 1275 1318 deserant
1298 1266 1429 1339 cappas
1446 1242 1582 1318 clausas
1607 1239 1673 1316 nisi
1699 1242 1842 1320 iusticIa

498 1355 637 1430 timoris
663 1362 817 1457 exigerit
840 1363 1004 1434 habitum
1030 1367 1173 1428 mutare
1201 1353 1300 1451 [vel]
1329 1355 1602 1431 transformare·
1621 1359 1734 1431 ceteri
1754 1381 1839 1430 vero

497 1466 618 1542 clerici
635 1473 811 1546 inhabita
825 1467 977 1567 ingestu
994 1479 1033 1541 et
1050 1470 1089 1540 in
1106 1469 1274 1540 omnibus
1291 1465 1440 1540 honeste
1458 1466 1493 1541 se
1506 1471 1665 1542 babeant
1678 1509 1686 1526 ·
1701 1471 1748 1541 ab
1765 1470 1838 1542 illis

421 1658 424 1664 ,
495 1575 532 1651 sa
548 1579 706 1674 personis
723 1585 867 1678 penitus
879 1577 1082 1654 abstineant
1095 1601 1166 1672 quc
1180 1582 1217 1650 iu
1230 1579 1390 1676 generali
1408 1582 1560 1654 concilio
1578 1584 1835 1654 continentur·

494 1691 736 1768 sacerdotibus
752 1717 836 1766 vero
858 1693 1026 1786 precipue
1043 1700 1083 1762 et
1099 1689 1260 1784 personis
1281 1689 1346 1763 sub
1370 1693 1529 1787 periculo
1547 1694 1651 1786 officij
1671 1704 1709 1765 et
1727 1693 1838 1765 bene-

494 1805 565 1902 fioij
581 1803 738 1879 distrisce
763 1805 976 1899 precipimus
993 1813 1033 1874 vt
1050 1804 1282 1876 continenter
1305 1813 1344 1876 et
1365 1799 1514 1876 honeste
1532 1806 1659 1877 uiuant
1677 1846 1685 1861 ·
1704 1829 1838 1878 concu-

492 1918 594 1991 binas
612 1917 698 1992 suas
724 1915 848 2012 procul
875 1916 1061 2010 expellant
1077 1925 1117 1989 et
1133 1914 1273 1988 nullam
1299 1915 1582 1989 familiaritatem
1609 1940 1692 1988 cum
1717 1919 1770 1988 eis
1787 1920 1835 1991 de

491 2036 612 2100 cetero
641 2029 799 2102 babeant
829 2051 896 2101 nec
925 2029 962 2100 in
989 2029 1156 2102 domibus
1190 2029 1342 2123 proprijs
1371 2051 1439 2102 nec
1467 2029 1593 2101 ahenis
1623 2025 1689 2100 nisr
1718 2029 1835 2102 velint

489 2141 613 2234 officijs
633 2150 673 2213 et
697 2139 881 2234 beneficijs
906 2151 1032 2213 contra
1055 2142 1123 2214 boc
1149 2141 1291 2237 agendo
1316 2143 1449 2236 priuari
1466 2181 1475 2201 ·
1494 2143 1678 2215 aduocatis
1702 2141 1833 2216 veroli

489 2248 560 2324 fint
576 2252 698 2326 clerici
714 2253 807 2323 inira
822 2251 937 2325 sacros
956 2252 1138 2348 [ordines]
1158 2253 1216 2326 vel
1233 2251 1433 2328 sacerdotes
1449 2256 1487 2326 in
1504 2255 1582 2326 foro
1600 2251 1747 2328 seculari
1765 2255 1833 2328 nisr

486 2366 647 2458 proprias
665 2360 784 2436 causas
803 2361 1061 2458 persequantur
1077 2366 1136 2438 vel
1154 2363 1411 2438 miserabilium
1428 2363 1658 2462 personarum
1679 2371 1834 2464 precipi-

486 2500 568 2550 mus
581 2488 622 2550 vt
641 2476 734 2573 [non
747 2473 783 2549 se
799 2474 1021 2548 immisceant
1038 2475 1119 2571 sed]
1139 2477 1265 2572 officijs
1281 2473 1527 2551 ecclesiasticis
1544 2479 1676 2550 diuinis
1694 2491 1733 2551 et
1749 2480 1832 2575 ulijs

486 2589 591 2662 bonis
607 2587 733 2684 studijs
746 2587 782 2660 se
795 2599 987 2661 exerceant
1004 2589 1199 2684 diligenter
1210 2588 1399 2676 [diuinum
1412 2611 1496 2660 vero
1513 2589 1669 2661 offieIum
1687 2594 1832 2664 noant-

484 2725 572 2774 num
595 2703 730 2797 pariter
746 2711 782 2772 ct
801 2701 968 2772 diurnum
985 2710 1162 2793 quantum
1181 2698 1284 2772 Deus
1304 2700 1445 2774 dederit
1468 2697 1621 2772 studiose
1639 2710 1677 2772 et
1694 2702 1830 2776 deuote

483 2814 669 2887 celebrent
685 2854 695 2873 ·
713 2814 758 2886 ad
782 2814 848 2886 bec
866 2815 1082 2906 precipimus
1100 2822 1141 2884 vt
1158 2811 1321 2904 quelibet
1347 2806 1496 2884 ecclesia
1520 2811 1652 2884 babeat
1677 2814 1828 2887 calicem

482 2935 695 3019 argenteum
716 2949 800 2997 cum
818 2921 907 2998 ralis
924 2924 1136 2997 decentibus
1154 2933 1193 2996 et
1210 2921 1369 2996 honestIs
1386 2921 1571 2996 sindonem
1597 2925 1770 2998 mundam
1788 2941 1827 3000 et

482 3035 672 3107 candidam
697 3035 944 3132 amplitudinis
966 3037 1199 3130 congruentis
1225 3035 1465 3108 lintheamina
1480 3045 1519 3107 et
1535 3038 1657 3108 omnia
1679 3036 1751 3110 alia
1770 3064 1827 3110 or-

482 3157 655 3220 namenta
670 3169 740 3240 qne
759 3148 806 3219 ad
823 3147 944 3221 altaris
968 3145 1131 3242 spetiant
1155 3148 1314 3220 officium
1339 3147 1496 3220 babeant
1517 3151 1765 3242 competentia
1788 3165 1827 3224 et

482 3257 591 3330 libros
616 3258 662 3330 ad
688 3257 909 3352 psallendum
935 3261 1094 3354 ydoneos
1114 3269 1153 3330 et
1177 3258 1373 3354 legendum
1398 3269 1437 3330 et
1463 3255 1695 3332 sacerdotalia
1719 3262 1826 3334 indu-

480 3381 605 3442 menta
621 3367 834 3443 sufficientia
854 3373 989 3464 pariter
1004 3383 1044 3444 et
1060 3367 1212 3443 honesta
1227 3407 1237 3426 ·
1253 3380 1294 3442 et
1310 3371 1394 3462 quia
1419 3371 1526 3442 nimis
1550 3368 1744 3444 absurdum
1770 3371 1824 3446 est

480 3483 516 3552 in
543 3478 649 3554 saeris
675 3481 794 3554 sordes
818 3481 999 3578 negligere
1024 3505 1095 3575 que
1126 3483 1346 3556 dedecerent
1376 3483 1413 3552 in
1441 3481 1633 3575 prophanis
1664 3480 1822 3558 districtc

480 3595 698 3687 precipimus
711 3594 806 3688 quod
821 3593 899 3666 s·asa
915 3591 1100 3687 ministerij
1113 3603 1153 3665 ct
1166 3590 1384 3666 vestImenta
1399 3591 1642 3665 ministrorum
1655 3606 1694 3666 et
1712 3597 1822 3689 pallia

478 3706 601 3778 altaris
622 3730 691 3779 nec
715 3729 786 3777 non
803 3717 842 3778 et
859 3706 932 3802 ipsa
949 3706 1146 3801 corporalia
1171 3705 1287 3778 nitida
1304 3715 1342 3778 et
1359 3706 1493 3778 munda
1510 3703 1757 3779 custodiantur
1773 3733 1821 3781 ne

478 3827 625 3910 propter
650 3820 871 3911 quorundam
898 3820 1072 3891 incuritm
1090 3817 1149 3890 vel
1166 3814 1462 3890 vestimentorum
1480 3819 1742 3912 turpitudinem
1761 3822 1819 3894 vel

478 3926 686 4002 sorditatem
703 3928 913 4023 quibusdam
927 3927 997 4001 srnt
1012 3931 1149 4002 horrori
1164 3970 1172 3990 ·
1187 3929 1324 4003 Cereus
1337 3951 1480 4023 quoque
1495 3927 1642 4024 pascalis
1654 3932 1820 4024 quolibet

478 4063 573 4113 anno
589 4041 636 4113 de
653 4065 747 4116 noua
763 4065 845 4116 cera
859 4043 921 4116 fiac
933 4055 972 4114 et
985 4041 1030 4114 de
1044 4066 1127 4114 cera
1139 4065 1211 4136 qua
1227 4043 1342 4116 sadus
1358 4042 1468 4115 luerit
1483 4039 1563 4137 post
1576 4042 1818 4119 Pentecosten

477 4153 522 4226 ad
539 4149 689 4226 ecclesie
706 4153 786 4228 rsus
802 4167 1035 4228 concertatur
1051 4177 1118 4227 nec
1135 4156 1222 4227 inde
1238 4165 1450 4227 amoueatur
1466 4194 1475 4211 ·

732 4377 877 4452 LXIII.
903 4380 985 4465 Que
1001 4377 1240 4472 relinquenda
1255 4375 1339 4450 sunt
1355 4375 1536 4451 successori
1553 4416 1563 4435 ·

477 4604 538 4679 Ad
556 4604 624 4678 bec
641 4599 737 4677 sacre
754 4599 877 4698 synodi
895 4603 1154 4700 approbatione
1171 4599 1363 4676 statuimus
1374 4602 1471 4695 qaod
1486 4598 1513 4674 sr
1531 4603 1649 4676 retlor
1664 4603 1818 4680 alicuius
