4612 5964
515 767 623 860 x111.]
995 769 1404 844 ABERDONENSE.
1827 779 1873 850 49

717 1019 775 1093 De
794 1034 951 1116 quatuor
967 1029 1089 1120 pueris
1107 1023 1347 1098 sustentandis
1365 1024 1410 1093 de
1427 1023 1658 1094 communia·

517 1189 699 1262 Volumus
729 1193 842 1264 etiam
867 1195 967 1288 quod
996 1196 1035 1265 in
1062 1193 1231 1265 omnibus
1256 1189 1450 1260 maioribus
1475 1186 1574 1261 sestis
1600 1189 1802 1283 duplicibus
1828 1202 1867 1262 et

514 1301 593 1395 alijs
610 1303 738 1376 diebus
756 1299 828 1376 fiut
844 1317 1003 1399 quatuor
1022 1307 1127 1400 pueri
1153 1304 1303 1376 chorum
1320 1299 1594 1392 frequentantes
1618 1303 1723 1375 iuxta
1737 1302 1867 1374 discre-

514 1415 653 1486 tionem
671 1417 829 1488 cautoris
843 1419 906 1510 qui
924 1418 1019 1489 bene
1036 1413 1152 1488 sciant
1168 1421 1316 1486 cantare
1332 1411 1555 1504 prouidendo
1569 1414 1666 1506 quod
1679 1416 1750 1486 duo
1767 1430 2054 1510 cero-erroneus
2073 1436 2102 1488 rt

514 1525 631 1621 ferarij
649 1538 690 1599 et
706 1529 768 1622 alij
787 1529 860 1600 duo
886 1526 1119 1620 thuribularij
1146 1519 1315 1595 intersunt
1336 1523 1525 1596 matutinis
1546 1535 1585 1596 et
1610 1547 1741 1621 magne
1767 1496 2059 1598 mille¹l¹¹ffi¹¹¹⁸³¹¹

512 1641 574 1731 qui
600 1641 780 1736 recipient
805 1637 986 1734 stipendia
1011 1639 1058 1710 de
1084 1635 1292 1710 communia
1317 1636 1425 1706 etad
1450 1636 1623 1708 continue
1646 1637 1865 1709 veniendum

429 1825 433 1832 ,
512 1751 780 1846 compellantur
796 1774 862 1846 per
879 1747 1090 1846 magistrum
1110 1746 1284 1820 scolarum
1302 1746 1349 1817 de
1365 1745 1540 1818 Aberdon
1558 1787 1566 1804 ·
1671 1741 1676 1753 '

862 1917 921 1990 De
938 1914 1200 1990 constitutione
1216 1907 1489 2038 procuratorum
1507 1955 1515 1974 ·

510 2084 607 2159 Item
629 2083 823 2160 statuimus
840 2086 937 2180 quod
955 2081 1198 2179 vuusquisque
1223 2085 1417 2158 canonicus
1442 2079 1569 2156 absens
1594 2097 1861 2176 procuratorem

510 2198 644 2272 habeat
669 2199 887 2272 canonicum
908 2198 947 2269 in
964 2197 1036 2292 hijs
1053 2219 1125 2290 que
1141 2194 1303 2293 spettant
1319 2197 1365 2268 ad
1382 2217 1467 2268 eum
1491 2196 1530 2266 in
1554 2196 1714 2289 capitulo
1731 2207 1770 2270 et
1787 2221 1861 2268 non

509 2310 621 2382 alium
639 2350 648 2368 ·
668 2306 998 2402 Quocienscunque
1016 2309 1200 2381 vocandus
1218 2309 1329 2380 suerit
1345 2308 1475 2401 aliquis
1491 2309 1685 2380 canonicus
1702 2333 1766 2403 pro
1783 2313 1862 2404 qui·

509 2420 720 2513 buscunque
738 2421 899 2515 negociis
917 2415 1108 2493 ecclesiam
1126 2419 1373 2492 cathedralem
1390 2416 1451 2490 seu
1468 2415 1635 2512 personas
1650 2415 1760 2514 ipsius
1777 2443 1863 2494 eon·

508 2533 736 2628 tingentibus
765 2527 920 2604 sufficiat
949 2528 1067 2624 ipsum
1098 2532 1202 2604 citari
1227 2531 1266 2601 in
1291 2530 1400 2602 choro
1426 2530 1528 2601 etin
1554 2526 1657 2602 stallo
1674 2529 1738 2602 suo
1760 2544 1799 2604 et
1822 2535 1861 2603 iu

507 2642 692 2735 prebenda
703 2639 768 2713 sua
780 2678 789 2697 ·
800 2635 828 2711 sr
841 2637 970 2713 absens
981 2641 1095 2712 suerit
1107 2637 1217 2735 ipsrus
1228 2641 1451 2733 procuratori
1465 2638 1617 2712 sufficiat
1629 2641 1838 2714 denunciari
1851 2685 1859 2700 ·

505 2866 546 2938 Si
564 2865 646 2958 quis
663 2873 789 2937 autem
808 2869 938 2937 contra
954 2865 1050 2934 hanc
1067 2859 1188 2933 nostre
1205 2861 1442 2933 ordinationis
1467 2864 1633 2956 paginam
1648 2860 1710 2935 seu
1728 2862 1861 2936 consti·

505 2977 658 3048 tutionis
674 2971 764 3047 ausu
782 2975 977 3046 temerario
995 2975 1121 3046 venire
1141 2969 1395 3067 presumpserit
1411 2970 1596 3047 sentencia
1611 2979 1860 3047 excommuni-

504 3089 659 3159 cationis
676 3087 895 3160 auttoritate
912 3086 1115 3180 pontificali
1132 3085 1170 3158 se
1187 3085 1331 3156 nouerit
1356 3087 1570 3158 innodatum
1588 3127 1597 3144 ·
1617 3084 1661 3158 ln
1679 3085 1860 3181 premisso-

504 3223 585 3270 rum
603 3211 728 3272 autem
754 3200 920 3270 omnium
948 3194 1197 3269 testimonium
1223 3206 1262 3269 et
1287 3199 1474 3268 munimen
1500 3196 1656 3293 appensa
1672 3199 1756 3270 l'unt
1773 3199 1858 3272 huie

502 3309 636 3404 scripto
667 3306 786 3405 sigilla
815 3308 1036 3382 venerabilis
1066 3310 1179 3403 patris
1210 3307 1309 3379 Petri
1339 3304 1493 3402 episcopi
1519 3306 1788 3384 Aberdouensrs
1818 3325 1857 3383 et

503 3422 653 3516 capituli
673 3445 744 3494 vna
761 3443 847 3494 cum
865 3415 1185 3513 subscriptionibus
1202 3421 1458 3492 canonicorum
1476 3461 1485 3480 ·
1504 3420 1601 3494 Atta
1626 3424 1719 3516 apud
1739 3422 1857 3496 Aber-

502 3534 575 3605 dou
592 3573 601 3592 ·
621 3534 912 3626 decimoquarto
933 3530 1110 3604 kalendas
1128 3532 1220 3624 Maij
1238 3553 1334 3603 anno
1352 3529 1501 3604 Domini
1518 3530 1707 3606 millesimo
1721 3534 1855 3608 ducen-

501 3641 630 3718 tesrmo
647 3639 948 3740 quiuquagesimo
965 3637 1070 3713 sexto
1090 3682 1099 3700 ·

839 3863 992 3938 Hanuu
1009 3864 1360 3939 Oosarrruorosuu
1379 3865 1514 3939 Frsrs·

499 4202 558 4276 De
588 4200 851 4276 sustentatione
881 4201 1118 4274 luminarium
1144 4211 1185 4274 ct
1211 4200 1364 4272 aliorum
1398 4198 1671 4276 necessariorum
1702 4203 1851 4281 coeleste

497 4308 786 4386 Abbirdonensrs
815 4323 855 4385 et
885 4311 932 4384 de
962 4311 1209 4385 declaratione
1238 4311 1344 4405 officii
1373 4310 1581 4408 thesaurarii
1609 4326 1649 4388 et
1677 4315 1852 4392 coustitu-

497 4427 641 4498 tionum
657 4424 851 4499 reuerendi
869 4423 984 4518 patris
997 4423 1101 4496 Petri
1117 4420 1274 4519 episcopi
1287 4420 1557 4498 Aberdonensrs
1573 4429 1658 4500 anui
1675 4429 1849 4522 predisti-

497 4625 693 4726 Omnibur
708 4644 831 4720 sanae
855 4647 985 4719 matris
1010 4640 1162 4718 ecclesie
1187 4645 1271 4740 lilijs
1295 4642 1440 4741 presens
1458 4644 1630 4742 scriptum
1647 4648 1772 4724 visuris
1789 4655 1847 4727 vel

496 4761 675 4837 audituris
692 4757 873 4832 Ricardus
896 4753 1130 4830 miseratione
1153 4757 1280 4831 diuina
1303 4755 1455 4832 ecclelia
1470 4755 1756 4837 Abbirdonenlis
1781 4769 1849 4840 mi-

1160 4888 1188 4940 o
