4564 5968
463 759 549 856 xv]
596 835 600 844 ,
930 759 1334 835 asusuouussa.
1734 767 1803 838 165

461 959 559 1031 Item
575 961 614 1032 in
630 957 784 1034 secundo
801 963 837 1036 le
856 963 945 1036 vche
963 965 1001 1035 in
1018 963 1138 1035 medio
1161 959 1380 1054 analmaling
1405 969 1443 1030 et
1461 958 1494 1049 vj
1513 959 1615 1030 midil
1639 965 1800 1054 garnatis

508 1081 547 1144 et
563 1072 597 1167 vj
615 1073 737 1167 perilis
754 1079 847 1148 etin
865 1099 992 1172 campo
1009 1073 1168 1148 eiusdem
1184 1073 1201 1166 j
1221 1071 1291 1143 litii
1315 1077 1443 1164 garnat
1460 1077 1499 1138 et
1515 1065 1642 1141 subtus
1665 1071 1699 1142 la
1715 1082 1799 1166 gret

509 1183 598 1257 rebe
615 1187 640 1280 ij
658 1185 730 1260 litii
746 1191 904 1285 garnatis
923 1229 932 1246 ·

461 1292 556 1366 Item
573 1298 696 1372 alitill
713 1301 803 1373 acha
820 1303 859 1373 in
875 1300 995 1372 medio
1013 1320 1035 1369 a
1050 1293 1153 1366 midil
1170 1291 1288 1385 saphir
1303 1300 1342 1362 et
1358 1292 1396 1385 iij
1414 1291 1516 1363 midil
1532 1296 1692 1387 gamatis
1709 1331 1718 1350 ·

459 1403 556 1479 Item
572 1409 610 1481 in
627 1421 730 1507 parta
756 1410 968 1507 triangulari
992 1403 1140 1480 senistre
1165 1403 1276 1497 partis
1301 1399 1459 1475 eiusdem
1484 1403 1608 1476 lateris
1626 1415 1683 1478 tot
1697 1407 1796 1480 vehis

507 1528 564 1592 tot
580 1520 716 1619 lapides
732 1533 772 1596 et
788 1533 846 1596 tot
862 1520 985 1616 perllis
1001 1519 1052 1611 iiij
1070 1515 1193 1610 perllis
1210 1515 1372 1608 exceptis
1389 1516 1427 1585 in
1445 1514 1480 1586 le
1496 1525 1578 1610 gret
1596 1518 1711 1590 vehe-

351 1710 359 1721 ‚
459 1630 555 1706 Item
571 1635 610 1707 in
634 1636 754 1708 haute
770 1631 929 1706 eiusdem
956 1629 1080 1702 lateris
1098 1650 1121 1695 v
1137 1626 1238 1697 vehis
1254 1627 1410 1721 primum
1433 1626 1636 1702 inchoando
1654 1653 1676 1702 a
1691 1641 1796 1725 parte

505 1857 608 1930 midil
617 1860 777 1953 gamatis
790 1864 829 1927 et
838 1854 890 1947 iiij
904 1851 1006 1923 midil
1017 1845 1167 1943 saphiris
1180 1848 1311 1920 deinde
1322 1849 1358 1920 in
1370 1849 1477 1943 plano
1488 1849 1511 1942 ij
1525 1849 1595 1923 litil
1612 1857 1772 1948 garnatis
1787 1896 1795 1914 ·

456 1967 551 2041 Item
569 1972 607 2042 in
624 1967 778 2042 seeundo
795 1966 831 2038 le
845 1964 936 2036 vche
953 1987 974 2034 a
989 1972 1072 2058 gret
1089 1958 1206 2056 saphir
1222 1961 1272 2054 iiij
1291 1962 1392 2033 midil
1408 1963 1567 2058 garnatis
1585 1965 1609 2058 ij
1628 1963 1700 2037 litii
1716 1989 1797 2064 gar·

504 2079 599 2154 ustis
616 2090 656 2153 et
672 2082 695 2173 ij
715 2076 785 2150 litii
803 2073 951 2170 saphiris
969 2085 1008 2147 et
1024 2075 1063 2146 iu
1080 2073 1217 2167 planoj
1235 2072 1304 2144 litii
1322 2083 1450 2169 gamat
1468 2115 1476 2132 ·

454 2191 551 2265 Item
579 2195 616 2264 in
642 2187 804 2263 tertiolo
822 2187 952 2259 vehsa
966 2197 1048 2281 gret
1072 2196 1201 2281 gamat
1226 2185 1276 2279 iiij
1294 2184 1396 2256 midil
1412 2191 1571 2282 gamatis
1588 2202 1628 2262 et
1645 2193 1697 2287 iiij
1724 2193 1794 2266 litis

505 2302 652 2399 saphiris
669 2311 708 2373 et
725 2303 762 2371 in
779 2298 887 2393 plano
904 2321 927 2370 a
943 2297 1027 2369 litill
1044 2307 1174 2393 gamat
1190 2336 1199 2352 ·

455 2416 550 2489 Item
563 2417 601 2487 in
614 2421 742 2507 quarto
754 2411 788 2484 le
806 2411 897 2484 rebe
912 2435 935 2482 a
950 2419 1031 2506 gret
1044 2406 1183 2503 saphire
1196 2409 1248 2503 iiij
1260 2410 1362 2482 midil
1373 2415 1533 2506 garnatis
1545 2438 1567 2485 a
1579 2415 1652 2488 litii
1664 2429 1794 2512 garnat

503 2537 543 2600 et
560 2527 596 2621 iij
613 2524 684 2597 litil
701 2519 849 2617 saphiris
867 2525 903 2594 in
920 2522 1029 2617 plano
1047 2521 1071 2615 ij
1091 2521 1162 2592 litii
1178 2523 1358 2616 gamatis·

505 2749 574 2822 litil
586 2747 734 2843 saphiris
745 2749 781 2818 in
795 2747 901 2841 plano
925 2747 948 2838 ij
968 2746 1038 2820 litis
1056 2748 1218 2842 garnatis
1235 2785 1243 2804 ·
1259 2746 1389 2819 deinde
1409 2748 1445 2818 in
1463 2750 1758 2826 circumferentia
1774 2778 1796 2825 a

503 2873 605 2958 parte
634 2855 712 2955 post
733 2857 891 2933 eiusdem
918 2858 1041 2932 lateris
1058 2858 1135 2951 xiiij
1165 2856 1237 2930 litil
1262 2861 1421 2954 garnatis
1447 2870 1486 2931 et
1507 2862 1649 2935 antidii
1665 2877 1796 2960 gamat

503 2983 542 3046 et
560 2997 609 3046 xv
624 2970 711 3045 litill
735 2968 883 3066 saphiris
901 3010 910 3027 ·

456 3087 551 3160 Item
569 3085 607 3156 in
623 3083 756 3180 angulo
773 3084 902 3155 dextro
916 3080 1075 3155 eiusdem
1094 3082 1218 3154 lateris
1235 3121 1243 3138 ·
1263 3083 1309 3177 vij
1329 3083 1399 3154 litil
1423 3088 1582 3180 garnatis
1599 3098 1639 3159 et
1657 3091 1692 3183 vj
1710 3088 1795 3163 sitill

504 3197 652 3293 saphiris
669 3237 678 3254 ·

455 3311 551 3383 Item
570 3312 607 3383 in
624 3307 757 3404 angulo
776 3303 924 3379 senistro
941 3303 1098 3379 eiusdem
1112 3304 1236 3379 lateris
1254 3347 1261 3362 ·
1281 3307 1329 3401 vij
1344 3306 1428 3380 litill
1439 3313 1598 3405 gamatis
1611 3324 1650 3385 et
1664 3313 1698 3407 vj
1711 3312 1796 3387 litill

503 3421 652 3516 saphiris
668 3461 678 3478 ·

454 3534 554 3607 Item
572 3536 609 3605 in
627 3533 662 3605 le
680 3531 744 3604 tak
762 3533 800 3602 in
817 3541 920 3624 parte
937 3531 1068 3602 dextra
1083 3529 1131 3622 vij
1149 3529 1250 3602 vehis
1266 3540 1305 3602 et
1323 3531 1357 3603 le
1374 3534 1533 3625 pendace
1551 3574 1559 3589 ·

455 3647 551 3721 Item
568 3648 606 3718 in
623 3646 738 3740 primo
765 3642 800 3714 le
828 3642 919 3714 vebo
945 3664 1055 3736 prope
1081 3641 1224 3714 mitram
1251 3645 1288 3714 in
1319 3646 1437 3737 capite
1454 3669 1476 3718 a
1491 3661 1571 3742 gret
1595 3653 1797 3750 anamiling

503 3771 542 3833 et
559 3759 610 3853 iiij
628 3755 731 3829 midil
747 3755 906 3851 gamatis
923 3795 932 3812 ·
947 3764 986 3826 et
1003 3751 1129 3826 subtus
1146 3753 1215 3826 boc
1232 3753 1279 3847 -rj
1297 3752 1367 3826 litii
1384 3761 1582 3852 gamattis·

456 3871 551 3944 Item
566 3872 603 3942 iu
616 3865 772 3940 secundo
783 3861 874 3939 veho
885 3868 923 3939 in
941 3865 1094 3938 medios
1106 3873 1188 3961 gret
1203 3876 1332 3962 gamat
1349 3877 1387 3940 et
1406 3869 1438 3962 vj
1457 3871 1573 3943 ruidiil
1588 3879 1794 3968 garnattis·

503 3993 543 4054 st
559 3977 684 4054 subtus
701 3979 769 4052 hoc
786 3979 810 4074 ij
829 3977 900 4052 litii
916 3979 1076 4077 garpatis
1093 4016 1102 4034 ·

455 4094 551 4168 Item
568 4095 606 4165 in
624 4093 732 4165 tertio
750 4091 784 4164 le
802 4093 893 4164 vcha
910 4094 947 4164 in
964 4092 1086 4165 medio
1102 4091 1300 4188 auamiling
1316 4103 1354 4164 et
1372 4094 1406 4185 vj
1425 4095 1527 4166 midil
1548 4097 1711 4193 gamatis
1728 4143 1737 4160 ·
1756 4118 1796 4176 et

503 4203 630 4278 subtus
646 4204 715 4276 hoc
732 4205 756 4296 ij
774 4202 845 4276 litis
865 4206 1026 4299 gamatis
1043 4244 1053 4263 ·

456 4319 552 4393 Item
569 4319 607 4390 in
624 4327 752 4409 quarto
770 4314 804 4387 ie
822 4317 966 4390 seboin
984 4317 1105 4389 medio
1122 4341 1145 4389 s
1159 4325 1241 4412 gret
1257 4313 1395 4412 saphiro
1413 4329 1451 4390 et
1469 4320 1502 4414 vj
1519 4321 1622 4395 midil
1634 4327 1797 4420 garantia

504 4440 545 4504 et
560 4426 685 4501 subtus
702 4425 727 4522 ij
744 4425 814 4500 litil
830 4431 989 4524 gumatis
1006 4470 1015 4487 ·

457 4543 553 4617 Item
577 4542 615 4613 in
641 4541 768 4633 quinto
786 4539 821 4611 ie
837 4541 929 4614 rebe
945 4542 983 4614 in
1000 4541 1122 4615 medio
1138 4540 1336 4637 auamiling
1352 4551 1391 4614 et
1409 4542 1443 4636 vj
1461 4544 1563 4617 midil
1581 4549 1741 4642 gamatis
1758 4559 1798 4622 et

504 4653 629 4728 subtus
646 4653 670 4747 ij
686 4649 758 4724 litil
772 4653 931 4750 garnatis
948 4693 958 4712 ·
1307 4655 1310 4662 ’
