4590 5954
480 710 588 806 x111.]
951 715 1352 794 ABERDONENSE.

637 1020 788 1096 XXXI.
815 1025 875 1100 De
891 1024 1160 1124 crucesignatis
1176 1028 1222 1098 ab
1238 1021 1387 1098 ecclesia
1402 1025 1637 1098 defendendis
1653 1064 1662 1081 ·

477 1243 680 1320 Statuimus
713 1260 839 1323 autem
872 1252 1086 1322 audiuntote
1120 1247 1261 1339 concilij
1297 1243 1546 1320 torennensis
1578 1250 1674 1341 quod
1708 1272 1814 1322 cruce

477 1354 606 1455 srgnati
630 1363 702 1436 rite
719 1365 766 1434 ab
783 1357 933 1436 ecclesrn
957 1360 1085 1433 tuendi
1102 1356 1185 1429 sunt
1209 1354 1274 1428 nisr
1300 1370 1446 1453 propter
1469 1357 1613 1431 suorum
1638 1359 1814 1433 scelerum

476 1473 740 1546 immanitatem
752 1475 799 1546 ab
811 1467 1047 1546 ecclesiastica
1060 1465 1265 1542 defensione
1282 1471 1416 1542 suerint
1433 1468 1694 1564 sequestrandi·
1707 1469 1813 1568 saper

473 1583 542 1657 hoc
558 1582 692 1658 iustum
707 1587 882 1658 iudicium
899 1580 1086 1676 dyocesani
1104 1583 1218 1652 modis
1235 1583 1399 1654 omnibus
1416 1585 1629 1676 expedietur
1643 1624 1653 1639 ·

473 1807 646 1882 XXXII.
664 1808 771 1894 Quod
785 1808 883 1880 nami
896 1828 970 1878 non
983 1806 1173 1900 capiantur
1184 1827 1248 1900 per
1259 1805 1368 1880 laicos
1378 1809 1414 1878 in
1427 1810 1531 1881 terris
1541 1804 1810 1882 ecclesiasticis·

471 2032 658 2107 Satuimua
684 2032 781 2126 quod
810 2030 935 2103 nullus
963 2031 1165 2103 vicecomes
1194 2030 1347 2103 balliuus
1375 2033 1431 2104 vel
1459 2033 1667 2126 quicunque
1697 2033 1811 2106 laicus

470 2168 618 2218 numum
642 2145 763 2240 capiet
778 2143 837 2215 vol
864 2144 944 2237 capi
970 2144 1081 2216 saciat
1105 2143 1143 2214 in
1169 2143 1244 2214 soro
1264 2143 1383 2237 aliquo
1400 2143 1459 2216 vel
1488 2153 1593 2216 extra
1619 2145 1737 2217 sorum
1763 2147 1811 2218 do

470 2257 578 2330 rebus
603 2257 724 2329 clerici
748 2255 808 2326 vel
836 2257 948 2326 ctiam
977 2254 1060 2327 laici
1090 2257 1269 2326 manentis
1299 2258 1336 2326 in
1364 2258 1469 2328 terrie
1494 2252 1723 2329 ecclesiarum
1750 2258 1809 2330 vel

469 2371 581 2442 etiam
600 2369 646 2440 nd
664 2365 895 2438 vendendum
920 2363 1142 2459 compellant
1165 2363 1229 2437 sub
1255 2363 1479 2439 estimatione
1496 2390 1566 2460 que
1580 2367 1649 2464 sor
1672 2369 1703 2442 Ic
1723 2369 1810 2464 loq

469 2480 666 2576 vulgariter
691 2477 825 2550 dicitur
841 2476 978 2562 :Quod
991 2473 1022 2548 -sr
1039 2475 1141 2548 secus
1165 2475 1285 2550 odlum
1310 2478 1420 2549 suerit
1437 2475 1463 2548 sr
1481 2479 1625 2573 capiens
1642 2480 1701 2552 vel
1726 2483 1807 2575 capi

467 2593 603 2665 inciens
627 2589 848 2662 ammonitus
864 2610 922 2658 res
939 2587 1063 2659 taliter
1079 2597 1202 2680 captae
1223 2597 1288 2660 aut
1304 2589 1467 2659 venditae
1491 2589 1585 2660 insta
1609 2593 1807 2664 terminum

467 2703 531 2778 srbi
557 2699 734 2774 statutum
758 2721 834 2770 non
857 2695 1056 2770 restituerit
1078 2709 1117 2768 et
1140 2699 1249 2769 etiarn
1275 2699 1320 2768 dc
1345 2700 1474 2769 iniuria
1497 2696 1697 2772 satissuccre
1721 2727 1807 2774 con·

466 2811 654 2908 tempserit
669 2833 734 2904 per
749 2809 1134 2880 excommunicationis
1151 2806 1225 2880 siue
1241 2811 1419 2881 interditti
1446 2807 1663 2884 sententiam
1681 2812 1807 2886 secun·

466 2927 553 2998 dum
570 2924 666 3017 quod
684 2921 866 2994 videbitur
882 2920 1052 3013 expedire
1070 2916 1143 2992 srne
1162 2943 1259 2992 more
1276 2917 1458 3014 dispondio
1475 2937 1683 2995 coercentur
1700 2967 1708 2982 ·

551 3144 745 3219 XXXIII.
772 3143 880 3229 Quod
898 3144 1049 3218 clericus
1066 3168 1138 3216 non
1157 3145 1319 3216 trahatur
1334 3146 1378 3217 ad
1397 3146 1512 3217 sorum
1529 3142 1688 3220 seculare
1706 3189 1714 3206 ·

362 3441 366 3448 .
466 3373 669 3446 Statuimus
695 3370 807 3442 etiam
829 3369 925 3462 quod
950 3363 975 3440 sr
1000 3363 1235 3440 ecclesiastica
1263 3365 1410 3459 persona
1436 3377 1561 3440 contra
1586 3370 1693 3442 aliam
1723 3396 1802 3466 per-

465 3483 587 3556 sonam
616 3476 891 3555 ecclesiasticam
925 3491 1073 3552 moueat
1102 3477 1323 3572 questionem
1352 3475 1572 3572 personalem
1602 3483 1659 3554 vel
1689 3487 1801 3556 etium

465 3597 598 3670 reulem
621 3595 728 3688 lirpor
751 3593 859 3664 rebus
884 3604 949 3664 aut
973 3591 1153 3684 aliquibus
1177 3592 1281 3662 bonia
1305 3589 1549 3664 ecclesiasticis
1574 3617 1653 3666 cam
1679 3619 1799 3668 coram

465 3711 583 3783 iudico
599 3701 836 3781 ecclesiastico
854 3701 1088 3800 prosequatur
1103 3702 1208 3798 sapor
1224 3703 1293 3795 lrije
1307 3701 1547 3776 aduersarium
1563 3704 1666 3777 suurn
1685 3708 1801 3782 nulla·

464 3837 571 3894 tenua
597 3822 643 3894 ad
673 3822 790 3892 sorum
817 3819 972 3889 votitam
1003 3815 1243 3911 pertrahendo
1267 3855 1277 3871 ·
1300 3816 1396 3908 quod
1421 3812 1446 3886 si
1472 3815 1579 3889 aliter
1603 3818 1649 3890 ub
1677 3818 1799 3912 aliquo

462 3931 710 4029 presumptum
728 3931 838 4002 suerit
854 3926 881 4000 fi
898 3929 1070 4001 canonice
1095 3929 1254 3998 monitus
1278 3950 1349 4001 non
1373 3924 1551 4001 destiterit
1568 3932 1667 4002 ador
1682 3955 1704 4004 a
1721 3934 1800 4005 iure

463 4045 560 4140 quod
577 4042 641 4115 fibi
659 4043 835 4136 competit
852 4043 958 4114 cadat
975 4061 1057 4112 reue
1075 4034 1100 4110 sr
1118 4036 1320 4111 consenciat
1336 4062 1400 4132 pro
1415 4042 1578 4113 conuidlo
1596 4041 1772 4116 habeatur
1789 4087 1798 4102 ·

463 4167 503 4232 et
519 4151 813 4230 nichilominuesr
828 4154 978 4226 vlterius
994 4151 1224 4246 perseuerent
1240 4161 1279 4222 et
1294 4173 1404 4244 penas
1420 4151 1599 4246 predidlae
1612 4164 1800 4251 contemp-

462 4279 553 4342 nant
568 4265 766 4340 secundum
788 4263 905 4340 sncroa
929 4287 1085 4338 canones
1101 4272 1141 4335 et
1156 4260 1369 4336 auctoritate
1393 4263 1534 4359 concilij
1552 4271 1800 4342 excommuni-

462 4381 534 4458 cati
559 4377 706 4474 publice
721 4379 987 4451 denuncientur
1003 4415 1012 4434 ·
1030 4375 1076 4449 ad
1093 4375 1161 4448 hee
1177 4398 1259 4448 cum
1275 4372 1455 4449 inuaserea
1470 4400 1515 4450 ac
1531 4379 1799 4472 perturbatores

460 4493 735 4569 immunitatum
763 4490 976 4564 libertatum
1009 4483 1253 4583 posseslionum
1283 4483 1597 4562 ecclesiasticarum
1626 4512 1695 4563 nec
1723 4515 1796 4566 non

461 4605 715 4704 perturbantes
743 4623 872 4699 pacem
900 4625 966 4698 per
990 4601 1128 4696 aliqua
1154 4599 1295 4674 sraudee
1320 4601 1403 4674 odia
1425 4599 1484 4674 vol
1512 4601 1798 4678 machinationes
