4612 5964
445 719 494 790 64
968 712 1276 788 REGISTRUM
1636 719 1788 816 [secum

447 911 685 988 ministrando
710 917 815 988 iuxta
843 912 979 988 statuta
1000 909 1110 1005 vsquo
1134 913 1180 983 ad
1210 913 1400 983 terminum
1423 913 1468 984 ad
1493 938 1603 1007 quem
1628 912 1681 990 est
1707 939 1793 990 eon·

447 1030 579 1101 elnotus
595 1039 634 1102 et
652 1025 716 1100 sub
734 1050 828 1123 pena
845 1031 950 1100 iuxta
965 1027 1157 1100 arbitrium
1175 1019 1416 1115 superiorum·
1434 1022 1529 1095 Item
1547 1028 1644 1118 quod
1669 1028 1791 1101 nullus

447 1137 547 1234 legat
572 1140 831 1234 euuangelium
857 1137 1047 1234 epistolam
1069 1135 1128 1208 vel
1159 1134 1352 1207 lebtionem
1373 1155 1441 1226 que
1465 1157 1537 1206 non
1565 1139 1788 1230 prouiderit·

447 1253 670 1324 eontrarium
697 1253 833 1324 inciens
850 1251 908 1324 vel
934 1252 971 1321 in
993 1247 1147 1345 legendo
1165 1246 1223 1318 vel
1240 1245 1416 1318 cantando
1431 1245 1594 1317 deficerit
1619 1251 1791 1340 puniatur

447 1361 553 1432 iuxta
568 1361 759 1434 arbitrium
777 1359 999 1455 superiorum
1016 1369 1213 1452 antequam
1230 1366 1339 1430 exeat
1352 1357 1393 1428 de
1408 1356 1567 1450 capitulo
1584 1357 1662 1450 post
1678 1360 1788 1430 linem

446 1470 546 1544 illius
574 1473 790 1564 bore·quod
820 1475 957 1544 intrare
987 1471 1123 1542 debent
1157 1471 1194 1541 in
1224 1471 1328 1542 exitu
1357 1463 1541 1542 cuiussibet
1569 1467 1626 1539 rel
1660 1467 1787 1541 laltem

446 1605 579 1678 magne
596 1579 698 1654 mille
722 1592 871 1678 propter
887 1578 1089 1654 buiusrnodi
1108 1581 1271 1654 serenus
1296 1579 1532 1652 reformandos
1549 1619 1557 1636 ·
1578 1577 1673 1651 ltem
1690 1583 1787 1673 quod

447 1693 625 1788 capellani
651 1714 725 1764 non
744 1693 879 1764 radant
904 1688 1049 1763 insimul
1066 1692 1112 1764 ad
1134 1687 1252 1766 millae
1277 1693 1440 1786 precipue
1457 1692 1517 1764 vbi
1536 1713 1627 1762 enus
1652 1693 1787 1786 poterit

445 1805 559 1877 alium
587 1804 763 1896 impedire
786 1799 841 1874 set
862 1825 954 1874 vnus
981 1803 1189 1896 expoliabit
1215 1803 1328 1875 alium
1348 1801 1448 1897 rique
1472 1805 1518 1876 ud
1543 1802 1785 1876 eleuationem

446 1914 661 1987 incrementi
676 1935 745 1985 neo
757 1911 887 2004 aliquis
900 1915 961 2004 qui
981 1913 1077 1983 boris
1090 1912 1258 1985 interelle
1271 1923 1414 1987 tenetur
1426 1916 1531 1987 vadat
1544 1916 1589 1987 ad
1607 1917 1785 2008 priuatam

446 2021 583 2096 millam
602 2033 767 2115 tempore
784 2046 856 2114 quo
874 2022 985 2094 debet
1010 2019 1212 2094 ministrare
1229 2025 1267 2095 in
1284 2024 1389 2096 choro
1406 2026 1461 2097 vel
1478 2036 1624 2098 cantare
1641 2065 1650 2082 ·
1668 2027 1785 2121 etqui

445 2135 667 2208 eontrarium
686 2133 813 2204 feeerit
831 2134 1003 2225 puniatur
1016 2127 1107 2203 licut
1124 2130 1251 2204 absens
1269 2135 1305 2204 in
1320 2157 1444 2229 magna
1455 2136 1542 2208 bora
1555 2175 1564 2194 ·
1579 2135 1675 2210 Item
1689 2139 1785 2230 quod

445 2245 568 2318 nullus
594 2242 864 2338 cupellouomm
891 2253 1061 2336 exportat
1090 2243 1199 2314 libros
1222 2243 1268 2314 de
1291 2245 1395 2314 eboro
1418 2257 1522 2318 extra
1546 2247 1694 2320 cbomm
1720 2246 1785 2320 sub

444 2379 540 2450 pena
567 2357 673 2426 vuius
704 2353 795 2426 libre
825 2377 907 2426 cero
937 2350 1086 2426 eeelcsre
1116 2349 1354 2446 presentande
1378 2395 1385 2410 ·
1413 2355 1507 2427 Item
1536 2359 1630 2450 quod
1658 2381 1784 2431 onmes

443 2467 679 2561 ebdomidarij
698 2478 804 2537 extm
821 2465 978 2537 officium
998 2461 1197 2536 existentes
1222 2464 1376 2536 habeant
1392 2467 1434 2536 nd
1453 2469 1571 2538 minus
1594 2479 1651 2539 ter
1667 2471 1704 2538 in
1722 2469 1785 2541 eb-

442 2579 591 2651 domide
607 2577 792 2650 celebrare
817 2577 959 2670 priuate
976 2598 1041 2669 pro
1057 2575 1247 2648 animabus
1272 2573 1508 2670 episcoporum
1529 2581 1780 2651 canonicorum
1892 2643 1895 2652 ,

442 2704 481 2762 et
499 2693 664 2762 omnium
682 2686 844 2761 fidelium
862 2685 1115 2760 deluneiorum
1130 2697 1170 2760 et
1182 2687 1241 2780 alij
1256 2687 1423 2781 capellani
1442 2691 1603 2782 perpetui
1622 2690 1783 2782 qualibet

441 2803 502 2874 die
520 2801 703 2897 legittima
718 2797 825 2872 eausa
840 2795 997 2870 celsonto
1013 2796 1197 2871 celebrare
1213 2797 1350 2872 habent
1365 2813 1421 2870 ·et
1440 2823 1510 2870 non
1528 2801 1702 2874 facientes
1719 2825 1782 2896 pro

441 2912 604 3004 qualibet
623 2906 725 2982 milla
741 2905 864 2981 omilla
882 2908 938 2980 rel
958 2908 1123 3004 neglecta
1139 2906 1282 2982 soluerit
1300 2949 1309 2966 ·
1327 2911 1396 3003 iiij·
1411 2908 1446 2980 ri.
1464 2911 1508 2982 nd
1527 2912 1605 3005 pios
1623 2911 1702 2984 rsus
1719 2937 1784 3008 per

441 3023 609 3093 dominos
634 3022 681 3092 de
706 3018 867 3112 capitulo
893 3020 1158 3091 conuertendos
1175 3060 1184 3076 ·
1203 3016 1367 3092 limiliter
1387 3023 1445 3112 qui
1471 3017 1606 3094 millam
1631 3024 1780 3118 capituli

442 3129 622 3229 [omittit]
647 3130 766 3201 t'oluet
792 3139 937 3200 tantum
957 3125 1031 3201 tino
1047 3129 1169 3222 uliqua
1193 3128 1391 3202 remillrone
1407 3171 1415 3188 ·
1434 3130 1529 3202 ltenr
1553 3135 1647 3226 quod
1674 3134 1782 3230 serip-

441 3258 538 3316 tores
555 3243 764 3315 delebtuum
784 3241 820 3312 in
838 3240 948 3312 eboro
966 3241 1123 3312 babeant
1140 3237 1208 3313 ista
1221 3242 1404 3336 explorare
1415 3239 1579 3316 neeusnre
1591 3257 1628 3316 et
1642 3246 1781 3318 ‹lenun-

439 3359 535 3428 eiare
553 3357 589 3426 io
608 3351 770 3446 capitulo
788 3346 878 3422 fient
896 3350 986 3422 alios
1003 3349 1167 3423 descetus
1184 3391 1193 3410 ·
1213 3350 1309 3424 ltom
1326 3353 1414 3444 qnod
1437 3353 1557 3427 nullus
1573 3357 1780 3450 capellanus

439 3465 687 3538 conduttieius
707 3463 767 3534 l'eu
786 3473 984 3555 perpetuus
1009 3463 1183 3556 percipiet
1201 3464 1239 3534 in
1257 3467 1433 3534 communi
1459 3465 1778 3541 anniuersnriorunr

438 3575 504 3650 nili
522 3577 585 3671 qui
612 3576 820 3647 interfuerit
847 3575 884 3644 in
909 3575 1074 3666 exequiis
1096 3585 1202 3666 pmut
1221 3575 1257 3644 in
1279 3593 1409 3645 uterus
1425 3587 1463 3646 et
1481 3577 1516 3647 in
1536 3573 1636 3650 milla
1657 3582 1693 3652 in
1717 3581 1779 3654 bn·

438 3689 538 3761 tibus
562 3685 867 3759 conuenientibus
894 3697 932 3756 et
960 3685 1223 3756 celebmuerint
1258 3687 1409 3778 priuatas
1438 3685 1555 3760 milles
1580 3687 1777 3764 seeundum

436 3801 688 3874 fundationem
707 3818 831 3868 eorum
850 3818 914 3890 pro
931 3794 1062 3890 quibus
1078 3796 1215 3868 tuerint
1231 3797 1405 3889 exequie·
1425 3797 1518 3870 ltem
1535 3801 1631 3892 quod
1652 3825 1778 3876 omnes

435 3909 614 4006 capellani
628 3909 794 4004 perpetui
810 3919 1006 3980 teneantur
1017 3929 1149 4002 cappos
1161 3907 1291 3980 diebus
1303 3908 1348 3980 ad
1363 3907 1427 3980 boe
1438 3913 1605 4005 congruis
1618 3914 1655 3984 in
1667 3915 1777 3988 cboro

435 4033 581 4118 portare
603 4030 644 4092 et
668 4018 757 4092 alias
783 4039 856 4090 non
883 4021 1084 4112 precipient
1107 4019 1145 4091 in
1168 4040 1389 4091 commune·
1411 4017 1504 4092 ltenr
1530 4023 1625 4114 quod
1650 4048 1777 4100 omnes

433 4130 612 4228 enpellnni
640 4129 790 4201 venient
816 4127 945 4202 diebus
975 4125 1171 4202 sabbotinis
1196 4131 1243 4203 ad
1269 4131 1462 4224 capitulum
1488 4151 1528 4206 ss
1553 4133 1602 4206 ibi
1629 4136 1776 4210 rideant

434 4265 563 4318 omnes
584 4241 748 4314 dolessus
766 4251 913 4312 notatos
938 4238 1051 4313 leflos
1066 4255 1105 4314 et
1123 4243 1271 4336 punitos
1288 4263 1358 4314 rm
1370 4265 1450 4314 enm
1477 4243 1601 4319 tabula
1617 4259 1655 4318 et
1672 4245 1776 4343 super

433 4355 664 4428 ordinatione
679 4346 830 4424 eeclesia
847 4351 1039 4424 ebdomide
1056 4353 1179 4425 future
1191 4393 1201 4412 ·
1215 4365 1255 4424 et
1269 4375 1340 4424 non
1355 4355 1496 4426 veniens
1513 4351 1577 4428 nili
1596 4357 1775 4454 legittime

432 4463 626 4540 excusatus
643 4463 818 4558 puniatur
830 4463 890 4534 in·
906 4462 940 4555 vj
954 4501 964 4520 ·
978 4457 1015 4534 tl.
1033 4459 1110 4535 tine
1126 4457 1330 4536 remillione
1346 4485 1407 4536 nee
1423 4466 1590 4539 audiatur
1606 4469 1642 4540 in
1660 4467 1776 4564 poste·

433 4601 513 4652 rum
533 4579 639 4650 iuxta
656 4569 793 4647 statuta
810 4573 911 4668 prius
927 4586 1055 4647 notnta
1066 4571 1410 4669 superexensatione
1422 4577 1572 4650 alieuius
1589 4579 1773 4654 nereen-
