4590 5954
508 715 616 812 xiia]
984 719 1385 796 ABERDONENSE.
1808 738 1848 802 11

506 939 577 1008 que
602 925 640 987 et
667 913 825 990 districte
855 920 1074 1014 precipimus
1101 931 1141 990 vt
1166 919 1404 992 archidiaconi
1429 930 1468 990 et
1493 919 1618 996 decani
1646 921 1751 1018 super
1780 927 1848 998 lioc

505 1028 720 1123 diligentem
752 1029 831 1103 ficri
865 1032 1002 1104 saciant
1033 1055 1099 1125 per
1128 1052 1252 1100 omnes
1281 1029 1477 1102 decanatus
1512 1031 1776 1125 inquisitionem
1809 1048 1848 1108 et

505 1141 602 1232 quod
620 1136 811 1214 statuimus
828 1139 1009 1215 obseruari
1028 1181 1036 1199 ·

765 1365 879 1438 XIX.
906 1362 964 1435 De
981 1361 1087 1432 rebus
1104 1357 1252 1432 ecclesie
1269 1384 1341 1432 uon
1358 1361 1557 1436 alienandis
1574 1407 1582 1422 ·

487 1587 690 1662 'Satuimus
708 1594 820 1663 etiam
837 1586 935 1682 qued
952 1579 1181 1656 ecclesiarum
1198 1582 1454 1678 parochialium
1471 1589 1625 1662 reeores
1640 1589 1702 1662 seu
1720 1593 1840 1685 ricarij

503 1694 645 1774 easdem
673 1697 843 1774 ecolesma
868 1693 934 1768 sibi
959 1691 1158 1766 commissas
1188 1695 1387 1768 nullatinus
1416 1694 1574 1791 obligare
1599 1701 1744 1773 valeant
1773 1725 1841 1776 nec

502 1815 638 1886 studiis
654 1835 779 1886 aarum
796 1811 842 1884 ad
860 1807 1031 1879 vlteriora
1055 1815 1219 1900 tempora
1235 1807 1390 1878 vendere
1407 1817 1471 1878 aut
1488 1809 1703 1900 quibuslibet
1724 1815 1840 1885 modis

501 1925 659 1998 alienare
684 1920 751 1996 nisi
774 1928 955 2015 quatenus
980 1919 1026 1990 ad
1051 1914 1194 1990 eosdem
1219 1922 1373 1991 restores
1397 1942 1461 2012 pro
1487 1916 1750 1997 scribentibus
1774 1939 1840 1997 aut

499 2034 564 2109 suo
580 2036 727 2110 annuali
752 2033 914 2128 poterint
930 2033 1111 2126 pertinere
1133 2053 1180 2103 ne
1204 2054 1268 2124 per
1284 2030 1520 2126 obligationes
1542 2044 1581 2106 ct
1603 2036 1839 2110 alienationes

501 2146 703 2220 huiusmodi
731 2140 890 2238 eeclesijs
914 2137 998 2237 ipsis
1024 2154 1064 2214 et
1090 2165 1213 2214 earum
1238 2144 1398 2237 patronis
1422 2155 1487 2215 aut
1512 2169 1634 2219 earum
1660 2150 1836 2222 rectorum

500 2255 755 2332 successoribus
771 2257 970 2350 dampnum
987 2266 1053 2328 aut
1069 2255 1200 2328 iniuria
1214 2265 1408 2351 generatur
1424 2295 1433 2312 ·

947 2477 1037 2549 XX.
1064 2477 1159 2551 Item
1177 2480 1222 2550 de
1239 2479 1367 2550 eodem
1385 2519 1392 2534 ·

498 2703 704 2777 Statuimus
717 2703 828 2773 etiam
842 2699 937 2793 quod
956 2698 1077 2769 nullus
1094 2702 1209 2770 testor
1221 2712 1284 2771 aut
1297 2702 1448 2771 vicarius
1465 2706 1674 2791 parochialis
1687 2707 1835 2781 ecclesie

498 2815 662 2886 decimas.
681 2811 821 2903 aliquas
850 2819 917 2882 aut
946 2823 1144 2902 prouentus
1173 2811 1260 2882 alios
1289 2807 1542 2885 ecclesiasticos
1568 2817 1723 2910 personis
1750 2843 1836 2894 con-

498 2925 627 2996 iunstis
652 2931 718 2994 aut
742 2921 926 2994 extraneis
952 2918 1137 3014 presertim
1163 2920 1262 2994 laicis
1288 2922 1466 2994 etiamad
1493 2920 1593 2998 suuni
1618 2941 1832 3024 perpetuum

497 3036 615 3129 quoad
640 3033 883 3118 concedentes
908 3044 973 3104 aut
999 3035 1214 3127 recipientes
1232 3037 1388 3106 vixerint
1413 3035 1498 3106 darc
1515 3037 1659 3113 valeant
1678 3045 1834 3116 rendere

497 3148 554 3220 vel
580 3146 854 3240 quomodolibet
878 3143 1062 3217 alienare·
1081 3155 1120 3217 et
1146 3142 1172 3216 fi
1197 3147 1281 3239 quid
1308 3156 1434 3219 eontra
1457 3146 1702 3246 presumptum
1723 3156 1834 3228 suerit

497 3261 637 3332 irritum
655 3255 701 3330 sit
718 3267 758 3330 et
775 3259 884 3329 inane
901 3265 941 3328 ct
957 3257 1052 3350 quod
1071 3252 1119 3329 sic
1135 3257 1331 3329 alienatum
1357 3258 1466 3330 suerit
1483 3259 1527 3330 ad
1550 3263 1603 3334 ius
1620 3277 1659 3335 et
1675 3271 1833 3360 proprie·

495 3380 610 3444 tatem
629 3367 690 3443 sue
707 3364 858 3442 ecclesie
875 3367 1103 3464 integraliter
1118 3381 1345 3441 reuertctur·

924 3590 1045 3663 XXI.
1073 3590 1168 3664 item
1185 3593 1230 3664 de
1246 3593 1372 3664 eodem
1391 3633 1398 3648 ·

494 3821 685 3893 Adicimus
711 3819 823 3890 ctiam
849 3816 946 3910 quod
971 3815 1093 3888 nullus
1117 3815 1231 3887 restor
1254 3825 1318 3888 aut
1343 3817 1495 3888 vicarius
1522 3819 1739 3894 decimarum
1767 3825 1828 3898 seu

493 3929 645 4004 aliorum
663 3940 908 4024 prouentuum
926 3922 1241 4000 ecclesiasticorum
1258 3951 1322 4022 per
1338 3929 1443 3999 mins
1458 3933 1542 4001 anni
1557 3931 1710 4029 spatium
1728 3949 1830 4009 nute-

493 4065 602 4136 quam
627 4041 756 4114 eedem
778 4042 920 4114 decime
944 4034 1005 4111 seu
1031 4049 1227 4133 prouentus
1253 4041 1386 4134 percipi
1412 4039 1568 4115 debeant
1585 4047 1829 4122 venditionem

492 4152 751 4249 obligationem
777 4150 840 4225 seu
864 4150 972 4224 aliam
1001 4150 1253 4224 alienationem
1283 4152 1480 4247 anticipare
1504 4154 1714 4247 presumat·
1737 4173 1776 4231 et
1801 4158 1827 4230 si

493 4262 594 4339 secus
609 4261 858 4360 presumptum
872 4263 984 4336 fucrit
998 4261 1135 4358 hijdem
1150 4259 1353 4336 contrustus
1366 4265 1464 4334 omni
1478 4280 1623 4341 careant
1634 4270 1828 4343 firmitate.

493 4376 662 4472 quoniam
692 4397 758 4470 per
782 4371 989 4448 contmdlus
1017 4369 1218 4446 huiusmodi
1244 4369 1392 4448 ecclesie
1420 4373 1592 4452 deduntur
1615 4381 1768 4454 restores
1790 4397 1831 4454 et

493 4487 615 4583 vicarii
633 4487 925 4582 depauperantur
940 4525 950 4545 ·
968 4495 1132 4560 ementes
1155 4487 1264 4558 etiam
1287 4485 1500 4581 plerumque
1521 4485 1592 4564 suis
1615 4494 1744 4589 precijs
1767 4495 1831 4568 de-

493 4601 738 4678 fraudantur·
764 4600 844 4672 iura
867 4599 979 4673 etiarn
1009 4597 1265 4672 ordinariorum
1295 4597 1509 4693 quandoque
1537 4601 1748 4678 deierantur
1772 4608 1830 4680 vel

493 4714 639 4812 penitas
655 4719 880 4786 eneruantur
896 4751 904 4768 ·
