4590 5954
487 736 595 831 xna]
961 743 1369 820 ABERDONENSE.

794 1053 898 1128 LIII.
927 1056 985 1128 De
1002 1080 1097 1149 pena
1114 1051 1273 1126 incestus
1290 1051 1502 1123 clericomm
1522 1092 1530 1106 ·

484 1275 523 1346 Si
541 1278 621 1368 quis
638 1275 799 1351 sacerdos
822 1304 905 1352 curn
932 1280 1007 1348 filia
1033 1275 1096 1348 sua
1122 1274 1300 1368 spirituali
1327 1275 1524 1345 fornicatus
1550 1275 1660 1346 suerit
1683 1273 1771 1346 sciat
1798 1275 1833 1346 se

482 1411 593 1482 graue
610 1390 827 1463 adulterium
846 1385 1057 1464 commisisse
1071 1427 1079 1443 ·
1095 1388 1131 1457 id
1150 1389 1247 1458 circo
1265 1383 1292 1456 sr
1310 1386 1446 1458 semina
1463 1386 1555 1458 laica
1573 1383 1615 1458 srt
1633 1391 1755 1459 omnia
1771 1390 1833 1460 de-

482 1500 663 1596 relinquat
680 1512 719 1574 ct
735 1526 792 1574 res
809 1501 888 1572 suas
914 1500 1132 1594 pauperibus
1158 1499 1298 1570 tribuat
1315 1509 1354 1569 ct
1370 1496 1544 1570 conuersa
1560 1501 1597 1570 in
1616 1497 1831 1572 monasterio

370 1611 373 1617 ’
482 1612 564 1685 Deo
580 1613 750 1709 usquead
773 1624 929 1684 mortem
951 1608 1084 1682 seruiat
1101 1650 1110 1666 ·
1130 1633 1204 1680 non
1226 1611 1337 1681 debet
1362 1607 1547 1704 episeopus
1566 1611 1622 1682 vel
1648 1609 1833 1706 presbyter

480 1725 700 1799 commisceri
724 1747 807 1797 cum
832 1723 1044 1794 mulieribus
1063 1745 1134 1815 que
1153 1725 1196 1814 ijs
1213 1719 1370 1794 confesse
1393 1719 1477 1792 sunt
1498 1735 1646 1815 peccata
1664 1763 1672 1780 ·
1692 1719 1717 1794 sr
1737 1725 1830 1794 forte

480 1841 574 1930 quod
596 1835 688 1911 absit
705 1831 752 1908 sic
769 1837 963 1929 contigerit
982 1832 1029 1905 sre
1047 1836 1212 1927 peniteat
1228 1835 1410 1926 quomodo
1427 1847 1465 1904 ct
1484 1835 1529 1905 dc
1547 1835 1621 1906 lilia
1645 1833 1707 1907 sua
1732 1836 1831 1931 spiri·

480 1952 595 2022 tuali·
615 1945 809 2043 Episcopus
827 1949 931 2018 annis
948 1947 1165 2038 quindecem
1183 1941 1369 2038 presbyter
1386 1947 1490 2017 annis
1507 1947 1705 2018 duodecem
1729 1951 1829 2040 peni·

480 2073 556 2134 teat
573 2074 612 2132 et
630 2061 832 2151 deponatur
848 2069 970 2130 tamen
991 2054 1015 2127 sr
1035 2060 1072 2129 in
1091 2055 1349 2131 conscientiam
1369 2058 1492 2151 populi
1513 2061 1677 2130 venerit·

626 2282 728 2354 mv,
754 2282 861 2368 Quod
896 2283 1074 2355 absolutio
1105 2284 1494 2356 excommunicationis
1525 2307 1596 2354 non
1628 2280 1672 2356 srt
1706 2300 1828 2356 extor-

625 2396 768 2487 quenda
785 2419 850 2490 pcr
867 2397 976 2468 laicos
994 2437 1003 2454 ·

476 2624 568 2693 Cum
604 2621 704 2692 laicis
734 2621 779 2692 dc
809 2620 916 2692 rebus
947 2619 1008 2691 seu
1039 2617 1200 2713 personis
1235 2613 1483 2689 ecclefiasttcts
1518 2619 1619 2689 nulla
1648 2617 1692 2690 stt
1722 2624 1825 2692 attri-

474 2736 563 2805 buta
588 2729 744 2826 potestas
761 2728 970 2824 disponendi
989 2732 1120 2822 quibus
1137 2730 1358 2822 obsequendi
1385 2740 1510 2800 manet
1536 2727 1724 2802 neccssttas
1750 2757 1821 2803 nen

473 2847 647 2917 autoritas
676 2843 874 2936 imperandi
905 2844 950 2914 ad
982 2841 1241 2934 extirpandum
1271 2839 1542 2913 constitutionis
1569 2844 1701 2914 vicium
1727 2847 1823 2937 quod

473 2979 588 3051 nuper
617 2955 769 3026 inoleuit
800 2957 837 3025 in
868 2949 1134 3024 sirbucriioncm
1165 2949 1406 3025 ecclesiastice
1436 2953 1613 3025 libertatis
1638 2977 1702 3048 per
1727 2960 1822 3048 quod

472 3067 612 3161 gladius
638 3064 831 3161 spiritualis
853 3075 892 3136 et
915 3065 1038 3138 claues
1064 3061 1214 3137 ecclesie
1239 3065 1361 3160 gladio
1387 3066 1565 3138 materiali
1590 3063 1823 3161 subjiciantur

472 3181 643 3252 duximus
668 3174 899 3250 statuendum
917 3178 1013 3270 quod
1040 3177 1163 3249 nullus
1187 3179 1249 3269 qui
1278 3174 1511 3248 iurisdieioni
1540 3178 1655 3271 preest
1680 3179 1823 3253 senten·

472 3294 564 3365 ciam
599 3291 983 3363 excommunicationis
1018 3287 1202 3362 interdieii
1234 3287 1295 3362 seu
1326 3286 1562 3383 suspensronis
1592 3292 1628 3360 in
1660 3291 1821 3365 subditos

472 3404 551 3476 lires
578 3428 624 3476 cx
649 3425 864 3496 quacunque
892 3401 997 3473 causa
1025 3402 1136 3474 lutam
1162 3402 1208 3474 ad
1235 3400 1448 3472 mandatum
1476 3401 1626 3473 alicuius
1655 3403 1821 3477 secularis

472 3512 658 3612 pot-estatis
675 3516 721 3586 dc
737 3528 859 3587 cetero
886 3510 1069 3606 presumat
1094 3512 1259 3585 relaxare
1277 3553 1285 3570 ·
1305 3513 1346 3585 Si
1365 3535 1449 3584 vero
1470 3513 1637 3586 secularis
1662 3516 1820 3610 poteslas

471 3632 506 3700 in
535 3628 734 3722 pertinacia
761 3625 824 3697 sua
851 3625 1083 3718 perseuerans
1108 3626 1153 3698 ad
1180 3625 1417 3698 relaxandum
1448 3623 1647 3699 sentencias
1673 3653 1738 3723 per
1762 3655 1819 3703 res

470 3736 619 3812 ecclesie
645 3737 796 3810 mobiles
822 3735 896 3808 sme
921 3735 1126 3809 immobiles
1150 3736 1214 3810 scu
1239 3739 1369 3830 quouis
1393 3736 1465 3809 alio
1491 3739 1598 3809 uredo
1623 3742 1818 3834 compellat

470 3852 538 3924 leci
562 3850 780 3946 dyocelianus
806 3851 1021 3923 sustentate
1046 3849 1190 3944 concilij
1217 3859 1258 3922 et
1282 3851 1431 3922 canonis
1461 3852 1587 3945 puniat
1616 3851 1816 3926 huiusmodi

469 3965 740 4058 delinquentem
758 4001 767 4019 ·

951 4184 1031 4256 tv.
1060 4182 1117 4256 De
1134 4182 1313 4281 baptismo
1330 4225 1339 4242 ·

468 4411 648 4497 Quoniam
666 4406 862 4503 baptismus
879 4412 996 4503 prima
1012 4408 1138 4482 tabula
1150 4407 1204 4482 cst
1221 4406 1302 4504 post
1319 4409 1544 4503 naufragium
1562 4420 1600 4481 ct
1617 4432 1748 4506 magna
1764 4411 1816 4485 cst

467 4526 582 4596 virtus
598 4532 637 4594 ct
654 4521 812 4593 efficacia
828 4522 936 4594 buius
952 4521 1167 4594 sacramenti
1185 4542 1270 4594 cum
1288 4515 1427 4615 abipso
1445 4519 1526 4592 Deo
1546 4516 1753 4594 institutum
1772 4523 1816 4597 srt

467 4648 506 4710 et
523 4635 601 4708 eius
619 4633 789 4730 sanguine
812 4634 1035 4706 rubricatum
1062 4633 1282 4728 precipimus
1299 4642 1340 4703 vt
1357 4630 1426 4704 hoc
1443 4628 1704 4705 sacramentum
1721 4635 1816 4707 celc-
