4526 5954
447 697 532 793 xa]
917 697 1320 774 nennuounnsn.
1718 701 1790 773 aar

446 899 499 968 rei
515 894 743 974 securitatem
760 913 800 976 et
816 903 1039 976 euidentiam
1056 895 1301 994 premissorum
1328 892 1439 990 sigilla
1460 894 1609 965 Andree
1625 893 1789 967 Giffnrde

446 1021 485 1081 et
510 1007 711 1086 Alexandri
737 1015 868 1109 Benyn
888 1024 977 1086 ωηο
1003 1013 1156 1083 duorum
1182 1009 1397 1080 bailiuorum
1415 1004 1501 1078 dieti
1528 1005 1633 1100 burgi
1654 1009 1787 1100 apponi

446 1119 670 1214 presentibus
687 1151 769 1201 cum
786 1123 959 1199 instantia
975 1121 1164 1218 procuraui
1182 1120 1276 1212 apud
1294 1117 1467 1190 Aberden
1485 1119 1596 1188 tertio
1613 1118 1673 1189 die
1685 1141 1787 1190 men-

445 1230 491 1307 srs
517 1235 607 1336 Maij
636 1263 731 1312 anuo
761 1237 911 1310 Domini
944 1252 1093 1306 mcccc.
1123 1231 1262 1302 decimo
1297 1272 1305 1288 ·
1333 1231 1402 1324 hijs
1430 1227 1583 1301 testibus
1617 1227 1787 1301 Jobanne

446 1345 583 1444 Fyehet
600 1362 688 1424 ωηο
704 1352 937 1423 aldermanno
958 1345 1044 1416 diei
1063 1342 1166 1436 burgi
1185 1382 1193 1398 ·
1210 1340 1378 1414 Jhoauue
1395 1341 1549 1414 Scherar
1565 1350 1604 1414 et
1621 1341 1786 1414 Alexan·

445 1460 508 1532 dro
525 1464 570 1535 de
584 1461 813 1534 Ruderfurde
823 1469 912 1530 tunc
926 1456 1066 1526 duobus
1079 1453 1294 1525 bailiuorum
1308 1454 1392 1525 diui
1407 1453 1510 1547 burgi
1525 1493 1533 1509 ·
1547 1451 1723 1526 Viiielmo
1738 1454 1783 1522 de

443 1573 595 1647 Camere
619 1615 629 1633 ·
656 1572 854 1646 Laurentio
883 1569 930 1639 de
953 1565 1049 1637 Leth
1069 1606 1078 1624 ·
1097 1565 1258 1638 Roberto
1283 1563 1402 1637 Dauid
1432 1605 1441 1623 ·
1467 1564 1588 1636 Adam
1606 1563 1745 1636 Thome
1775 1605 1783 1621 ·

443 1683 581 1758 Thomu
596 1687 641 1758 de
658 1683 796 1756 Delton
813 1718 822 1737 ·
839 1689 878 1752 et
896 1676 1071 1751 Villeimo
1090 1676 1209 1772 Cryne
1225 1702 1308 1751 cum
1325 1678 1450 1750 multis
1467 1677 1548 1771 aiijs
1565 1717 1574 1734 ·

445 2005 554 2080 Carta
569 2005 718 2077 Andree
737 1999 833 2074 Vase
850 2002 896 2073 de
914 2001 1124 2074 venditione
1140 2004 1250 2075 annui
1268 2003 1406 2074 reditus
1422 2042 1431 2060 ·

445 2205 638 2304 Vniuersrs
651 2227 743 2298 hene
755 2235 891 2299 cartam
902 2223 1030 2297 visuris
1041 2225 1099 2298 rel
1109 2226 1285 2298 audituris
1295 2225 1462 2300 Andreas
1472 2224 1687 2300 dietusVase
1698 2226 1783 2298 bur·

442 2336 558 2438 gensis
571 2339 616 2409 de
633 2336 867 2411 Aberden···
888 2337 1078 2411 Noueritis
1090 2361 1150 2411 me
1167 2337 1425 2412 ···vendiditse
1442 2349 1480 2412 et
1494 2380 1503 2398 ·
1515 2381 1524 2398 ·
1536 2380 1545 2398 ·
1557 2335 1781 2413 confirmasse

443 2494 452 2512 ·
464 2493 474 2512 ·
486 2491 494 2510 ·
506 2450 637 2523 dileeo
647 2447 883 2546 eonburgensr
895 2473 978 2522 meo
987 2449 1012 2522 J
1014 2448 1271 2545 ohannigouie
1282 2460 1400 2524 totum
1413 2451 1516 2523 illum
1527 2475 1688 2524 annuum
1699 2453 1781 2524 red·

442 2564 558 2636 ditum
574 2559 636 2633 sex
653 2558 845 2634 solidorum
862 2571 901 2634 et
918 2561 998 2633 otro
1011 2562 1239 2634 denariorum
1251 2563 1340 2634 mihi
1352 2565 1540 2636 annuatim
1558 2563 1723 2635 debitum
1741 2575 1782 2635 et

442 2684 637 2748 exeuntem
644 2674 689 2746 de
699 2674 847 2745 dimidiu
858 2682 960 2767 parte
971 2673 1198 2745 terrarumde
1211 2674 1246 2745 le
1259 2672 1295 2745 N
1298 2673 1468 2746 ewiandie
1480 2675 1674 2747 iacentium
1688 2675 1782 2746 infra

442 2788 662 2860 territorium
675 2787 872 2858 orostornm
885 2785 989 2881 burgi
1003 2786 1049 2857 de
1062 2786 1233 2858 Aberden
1251 2788 1348 2859 iuter
1364 2809 1593 2858 communem
1612 2787 1708 2858 rium
1725 2810 1782 2858 re·

440 2900 538 2996 mam
555 2897 766 2970 tendentem
784 2921 806 2969 a
822 2904 934 2991 ponte
947 2896 1128 2968 latronum
1147 2895 1267 2969 rersus
1284 2909 1433 2991 pontem
1451 2896 1642 2993 Bolgonny
1660 2894 1782 2969 uersus

443 3011 608 3084 occidens
624 3021 663 3081 et
680 3010 717 3104 ly
733 3007 954 3104 Tutarhyllis
977 3007 1099 3080 versus
1116 3009 1252 3082 beriam
1270 3019 1309 3082 et
1335 3006 1455 3082 fossum
1481 3009 1527 3082 de
1545 3009 1643 3104 Futy
1660 3010 1782 3081 vertirs

424 3186 434 3216 Ι,
444 3122 561 3194 oriens
577 3132 616 3194 et
634 3123 789 3193 crustum
807 3121 903 3215 quod
920 3118 945 3191 J
947 3120 1108 3193 ohannes
1124 3121 1219 3195 filius
1237 3121 1387 3195 Henrioi
1404 3130 1508 3193 tenet
1526 3122 1572 3194 de
1588 3121 1781 3194 heredibus

443 3233 620 3325 quondam
637 3232 814 3305 Jobnuuis
831 3232 878 3305 de
904 3230 1040 3326 Lydale
1057 3241 1096 3304 et
1121 3233 1276 3304 crustum
1300 3231 1477 3304 Johannis
1496 3231 1639 3328 Vryebt
1659 3231 1781 3304 versus

442 3343 600 3418 austrum
613 3368 677 3439 pro
690 3345 844 3440 quodam
857 3341 1106 3416 oertasumma
1116 3347 1269 3439 pecunie
1285 3367 1392 3439 quum
1403 3345 1584 3439 predium
1593 3344 1781 3418 Jobannes

443 3453 560 3550 genie
587 3457 674 3528 mibi
703 3465 866 3550 tempore
890 3453 1127 3529 couseetioois
1151 3455 1369 3551 presentium
1391 3459 1428 3529 in
1454 3452 1547 3530 sicca
1562 3459 1718 3552 pecunia
1742 3460 1780 3530 in

442 3578 593 3665 rrgente
609 3563 819 3640 necessitate
835 3589 919 3639 mea
941 3566 1112 3640 videlicet
1128 3568 1173 3639 ud
1199 3570 1322 3642 debita
1344 3592 1428 3642 mea
1451 3569 1669 3664 aequitando
1686 3570 1781 3642 bene

443 3691 481 3754 et
492 3679 647 3754 fideliter
660 3677 909 3774 persoluebet·
927 3716 937 3735 ·
950 3716 960 3735 ·
973 3676 1093 3763 Quem
1106 3671 1191 3751 ser'o
1208 3702 1368 3752 annuum
1382 3681 1564 3754 redditum
1575 3678 1637 3752 sex
1651 3679 1781 3753 solido·

441 3815 523 3865 rum
547 3804 586 3866 et
611 3794 671 3886 viij
700 3793 929 3864 denariorum
953 3791 1266 3885 propinquioribus
1291 3790 1561 3888 consanguineis
1586 3802 1625 3864 et
1654 3795 1782 3866 amieis

441 3907 533 3978 meis
548 3903 714 4000 legaiiter
725 3903 841 3999 optuli
854 3901 1085 3976 vendendum
1098 3903 1144 3976 ad
1158 3904 1227 3976 triu
1242 3902 1410 3998 capitalia
1426 3901 1561 3998 placita
1576 3905 1661 3976 diui
1676 3904 1781 4001 burgi

441 4025 550 4111 prout
565 4017 675 4089 moris
692 4012 746 4089 est
763 4026 801 4090 ot
819 4012 1088 4089 consuetudinis
1104 4015 1299 4110 burgorum
1316 4015 1514 4111 approbata
1531 4058 1540 4076 ·
1559 4055 1569 4074 ·
1587 4056 1596 4075 ·
1615 4014 1660 4087 Ιη
1678 4017 1783 4090 ouius

442 4131 494 4202 rei
520 4125 765 4202 testimonium
790 4125 946 4224 sigilium
971 4149 1094 4199 meum
1112 4124 1267 4220 presenti
1284 4137 1384 4199 curte
1401 4125 1549 4223 apposui
1569 4137 1610 4200 et
1633 4139 1782 4223 propter

442 4243 613 4315 maiorem
630 4241 682 4312 rei
693 4237 924 4312 securitatem
941 4251 980 4312 et
997 4239 1220 4312 euidentiam
1237 4235 1483 4333 premissorum
1500 4235 1614 4334 sigilla
1630 4239 1782 4312 Andree

442 4352 602 4429 Giffarde
618 4363 658 4425 et
671 4351 873 4425 Alexandri
884 4352 930 4424 de
943 4351 1073 4447 Benyn
1086 4363 1176 4424 tuno
1187 4350 1338 4422 duonum
1349 4349 1566 4423 bailiuorum
1576 4349 1662 4422 diei
1677 4349 1781 4448 burgi

441 4465 571 4563 apponi
597 4460 822 4559 presentibus
844 4487 929 4536 eum
946 4460 1118 4537 instantia
1131 4465 1319 4557 procuraui
1337 4462 1432 4558 apud
1448 4459 1623 4534 Aberden
1641 4461 1783 4536 decimo

440 4579 552 4652 tertio
576 4577 636 4649 die
668 4572 799 4650 mensus
824 4573 914 4669 Juiij
948 4599 1044 4649 enno
1075 4574 1224 4650 Domini
1251 4595 1396 4648 mcccc.
1414 4573 1555 4647 deoimo
1580 4613 1590 4632 ·
1614 4571 1782 4650 Testibue
