4564 5968
485 793 571 888 xv.]
950 796 1358 874 AsuuDONENsu.
1758 811 1827 884 167

482 1014 611 1063 aureus
622 996 816 1069 eumviridi
826 995 944 1092 lupide
954 1000 992 1070 in
1003 1000 1169 1072 manibus
1179 1000 1306 1072 decani
1317 999 1482 1071 moderni
1492 1001 1640 1070 exdouo
1651 1001 1819 1096 magistro

483 1102 634 1176 Haurici
661 1103 790 1204 Heruy
813 1111 997 1203 qnondam
1024 1112 1181 1183 cantoris
1206 1102 1497 1182 Abberdonenfis
1538 1149 1546 1164 ·
1586 1108 1683 1182 Item
1712 1135 1821 1184 vnum

481 1213 615 1288 monile
649 1241 799 1292 aureum
836 1245 919 1295 cum
948 1224 1066 1294 tribus
1095 1221 1217 1292 rubeis
1245 1218 1442 1314 vulgariter
1473 1241 1497 1288 u
1519 1217 1639 1292 uude
1665 1246 1707 1293 ac
1737 1247 1819 1295 cum

481 1325 596 1400 tribus
611 1330 719 1423 perlit
743 1355 856 1407 vnum
881 1328 982 1405 deest
999 1355 1047 1404 ex
1064 1331 1159 1400 dono
1184 1326 1344 1400 eiusdem
1367 1329 1605 1402 archidiaconi
1623 1368 1631 1385 ·
1649 1332 1747 1405 Item
1773 1360 1817 1406 ex

479 1439 573 1512 dono
589 1441 747 1518 elusdem
765 1468 860 1518 unua
886 1444 1043 1518 annulus
1068 1449 1263 1534 argenteus
1288 1461 1371 1510 cum
1398 1462 1528 1535 magno
1555 1445 1674 1536 capite
1690 1447 1728 1514 in
1746 1469 1817 1538 quo

478 1554 710 1628 continentur
724 1559 911 1653 ymagines
928 1559 1035 1628 beate
1052 1552 1201 1645 virgmis
1219 1561 1257 1622 et
1274 1547 1383 1622 saneti
1400 1550 1426 1623 J
1427 1552 1579 1625 chunnis
1596 1595 1605 1612 ·
1623 1554 1719 1627 Item
1737 1558 1816 1629 bm-

477 1665 574 1736 cium
596 1664 707 1740 santii
732 1663 894 1763 Fergufij
920 1669 960 1738 ln
984 1674 1136 1757 argento
1161 1684 1246 1734 cum
1263 1658 1393 1735 affibus
1419 1662 1576 1737 eiusdem
1595 1706 1604 1723 ·
1623 1665 1721 1739 Item
1747 1691 1816 1740 vna

475 1777 569 1868 pixis
586 1778 631 1850 de
647 1775 804 1852 cristallo
830 1799 913 1848 cum
938 1775 1032 1869 pede
1055 1783 1229 1868 argenteo
1254 1774 1426 1848 deaurato
1449 1799 1533 1848 cum
1560 1775 1708 1855 diuersrs
1734 1780 1815 1851 reli-

474 1889 569 1983 quijs
584 1929 593 1946 ·
611 1888 707 1962 Item
721 1911 832 1961 vnum
849 1886 894 1960 lia
917 1909 1010 1982 cotcp
1034 1895 1247 1980 argenteum
1273 1887 1483 1960 deauratum
1506 1889 1667 1983 pendeus
1693 1915 1811 1964 coram

474 2022 605 2096 magno
628 2001 735 2074 altari
763 1997 825 2071 seu
850 1993 1065 2070 eucharistIa
1092 2038 1100 2054 ·
1130 1995 1227 2069 Item
1255 1999 1326 2070 due
1352 2001 1458 2072 teche
1482 2001 1529 2072 de
1552 2001 1731 2075 auricalco
1747 2027 1811 2098 pro

472 2109 742 2185 conseruatione
757 2109 988 2202 reliquiarum
1003 2131 1155 2201 querum
1173 2131 1244 2183 vna
1260 2110 1372 2183 babet
1388 2110 1451 2183 sex
1475 2113 1659 2208 ymagines
1676 2137 1722 2187 ex
1742 2139 1810 2188 vna

471 2233 575 2316 parte
604 2219 738 2296 clausas
762 2232 802 2292 et
825 2241 896 2293 vna
919 2217 1026 2314 super
1041 2221 1157 2294 altare
1181 2237 1265 2294 cum
1291 2217 1422 2295 offibus
1455 2222 1576 2296 sancte
1606 2225 1810 2300 Katberine

472 2333 590 2409 sande
619 2332 764 2405 Helene
797 2331 917 2404 sanee
947 2331 1156 2428 Margarete
1185 2345 1225 2406 et
1256 2333 1372 2406 Ysaac
1388 2337 1602 2429 'patriarcba
1630 2349 1670 2410 et
1696 2336 1806 2411 sautu

471 2445 629 2519 Dutbaci
659 2485 668 2502 ·
700 2443 745 2516 In
772 2444 845 2518 alia
873 2445 980 2516 techa
1010 2442 1227 2518 vestImentu
1259 2447 1366 2518 beate
1395 2444 1515 2519 Marie
1543 2448 1691 2542 vlrginis
1725 2475 1806 2522 oum

469 2558 632 2653 pluribus
648 2557 727 2652 alijs
744 2555 915 2630 videlicet
931 2551 1064 2628 ollibus
1083 2556 1181 2628 Petri
1200 2569 1240 2629 et
1258 2556 1364 2629 Pauli
1380 2567 1419 2628 et
1447 2555 1568 2630 fauste
1595 2557 1743 2655 Brigide
1768 2576 1807 2634 et

469 2669 676 2764 pulueribus
702 2668 811 2743 sanet
847 2667 1030 2742 Edmundi
1065 2666 1320 2763 archiepiscopi
1352 2707 1360 2724 ·
1399 2665 1495 2738 Item
1527 2691 1618 2740 vnua
1651 2672 1806 2745 annulus

467 2793 659 2877 argenteus
693 2806 777 2855 cum
804 2780 923 2876 lapide
961 2783 1006 2854 de
1041 2781 1237 2874 columpna
1276 2780 1384 2851 datus
1413 2801 1476 2874 per
1507 2779 1544 2850 N
1547 2781 1726 2854 icholaum
1761 2787 1805 2856 de

468 2892 599 2965 basum
623 2929 633 2950 ·
659 2892 756 2966 Item
787 2915 878 2965 unus
904 2893 1061 2966 annulus
1090 2893 1137 2964 de
1165 2891 1362 2986 columpna
1389 2891 1496 2963 datus
1524 2913 1589 2986 per
1622 2892 1804 2968 Helenum

467 3005 646 3076 Licbtoun
672 3043 680 3060 ·
706 3004 802 3077 Item
829 3027 920 3078 vnus
945 3003 1102 3078 annulus
1123 3015 1317 3101 argenteus
1343 3025 1424 3073 cum
1452 3003 1569 3098 lapide
1586 3006 1632 3076 de
1648 3005 1804 3079 cristallo

464 3117 638 3209 quadrato
662 3117 769 3190 dutus
785 3141 851 3212 per
878 3118 1059 3211 quendam
1084 3115 1237 3189 Scotum
1263 3125 1545 3186 commorantem
1564 3117 1601 3188 in
1628 3115 1800 3191 Francia·

466 3226 560 3300 Item
579 3251 670 3300 vnus
691 3251 844 3325 magnus
867 3230 1024 3303 annulus
1048 3251 1180 3300 aureus
1205 3228 1425 3300 conuenIena
1446 3249 1511 3320 pro
1536 3227 1799 3323 episcopocum

463 3363 593 3435 ruagno
619 3339 768 3434 saphero
793 3353 833 3412 et
858 3340 1038 3436 lapidibus
1063 3337 1231 3434 preciosis
1256 3333 1402 3411 inelufis
1427 3339 1534 3410 datus
1557 3363 1622 3432 per
1639 3340 1801 3414 Alexan-

462 3453 566 3524 drum
583 3450 788 3546 eplicopum
813 3491 822 3510 ·
849 3451 945 3526 Item
971 3473 1063 3523 vnus
1089 3451 1180 3543 lapls
1196 3447 1344 3522 criltalli
1366 3471 1449 3521 cum
1475 3461 1626 3545 argento
1651 3477 1798 3547 cooper-

461 3577 547 3636 tus·
575 3562 671 3637 Item
697 3587 769 3636 vna
792 3566 886 3658 pixis
911 3565 1072 3636 eburnea
1096 3564 1183 3634 duta
1215 3585 1281 3656 per
1305 3559 1507 3632 Henriuum
1534 3561 1639 3654 Rynd
1665 3601 1674 3618 ·
1702 3563 1797 3636 Item

462 3698 571 3747 vnum
612 3676 726 3750 locale
762 3677 810 3748 de
846 3686 997 3772 urgento
1036 3697 1119 3748 cum
1159 3675 1328 3768 ymagine
1373 3673 1534 3745 crucifixi
1574 3689 1612 3744 et
1653 3677 1797 3768 pletatis

460 3788 584 3860 datum
620 3812 685 3883 per
720 3790 907 3861 dominum
941 3786 1148 3860 Iohannem
1184 3781 1328 3856 Frostur
1354 3780 1505 3854 militem
1549 3824 1558 3842 ·
1600 3784 1695 3856 Item
1726 3788 1798 3859 due

459 3922 591 3973 corone
614 3901 661 3972 de
685 3911 835 3997 urgento
860 3903 1032 3974 desmate
1065 3922 1131 3994 pro
1158 3892 1300 3969 Cbrlsto
1329 3906 1369 3966 et
1398 3895 1543 3968 domina
1567 3893 1688 3968 nostra
1713 3923 1795 3971 cum

458 4009 637 4108 lapidibus
673 4036 826 4106 quarum
855 4011 927 4085 due
959 4014 1063 4107 peoIe
1092 4011 1204 4082 fratte
1231 4030 1302 4079 vna
1325 4008 1440 4078 maior
1466 4029 1536 4078 vna
1564 4010 1683 4080 minor
1711 4035 1793 4082 cum

457 4125 598 4198 duobus
620 4124 798 4221 lapidibus
824 4123 965 4199 semote
990 4125 1026 4196 in
1053 4119 1159 4195 bursa
1184 4124 1221 4193 ln
1248 4116 1410 4192 custodia
1435 4117 1677 4192 tbesaumrie·
1698 4121 1794 4196 Item

456 4238 616 4330 quinque
632 4234 737 4311 bursa
752 4261 861 4311 auree
876 4260 961 4310 oum
986 4237 1147 4330 reliquijs
1171 4231 1372 4306 sandomm
1389 4269 1398 4288 ·
1418 4229 1512 4303 Item
1535 4235 1694 4326 quinque
1710 4236 1795 4306 liole

456 4359 627 4445 argentee
652 4371 804 4443 quarum
833 4351 938 4422 vuius
968 4349 1233 4443 coopertorium
1256 4342 1378 4416 delicit
1408 4339 1466 4415 sed
1495 4340 1608 4416 estin
1635 4343 1792 4420 custodia

456 4459 673 4534 thesauraria
688 4499 697 4518 ·
715 4458 812 4533 Item
839 4470 915 4534 tres
939 4459 1100 4554 ampulle
1126 4467 1299 4554 argentee
1323 4457 1585 4549 coopertorium
1608 4460 1713 4529 vuius
1739 4459 1791 4531 est

455 4573 682 4667 deperditum
699 4596 765 4668 per
779 4573 965 4645 domiuum
980 4570 1211 4645 Willelmum
1231 4564 1438 4638 Donaldson
1456 4569 1687 4639 camerarium
1701 4573 1791 4665 epis-

455 4688 535 4782 copi
546 4688 583 4758 iu
595 4687 724 4760 itinera
734 4683 855 4758 versus
865 4683 1021 4758 BrecIdn
1032 4707 1097 4779 pro
1108 4679 1276 4756 crismate
1291 4675 1410 4750 ·Item
1420 4687 1530 4750 vnum
1541 4680 1641 4752 wche
1650 4688 1789 4776 argenti
