4564 5968
455 659 525 725 198
973 657 1279 732 REGISTRUM
1638 665 1790 760 [secent

455 853 611 928 Lettura
624 855 729 952 super
745 857 875 928 librum
891 855 1148 928 sententiarum
1169 859 1204 926 in
1223 853 1389 929 asseribus
1403 873 1571 953 cooperta
1589 886 1694 934 coreo
1707 864 1790 935 elbo

505 971 542 1040 in
560 969 717 1043 seeundo
734 971 820 1042 folio
839 968 939 1059 Quod
950 967 1106 1068 anpelas·

454 1078 669 1165 Questiones
696 1077 852 1178 magistri
870 1081 1047 1154 Johannis
1074 1082 1175 1154 Scoti
1194 1079 1298 1175 super
1316 1095 1386 1153 tres
1404 1083 1511 1154 libres
1528 1082 1787 1158 sententiarum

504 1197 540 1266 in
558 1194 714 1267 secundo
733 1195 818 1266 folio
835 1191 989 1266 Eludant
1006 1235 1015 1251 ·

455 1302 627 1379 Ystdorus
638 1311 684 1380 de
695 1306 832 1378 summo
844 1308 938 1378 bono
953 1318 991 1379 et
1002 1307 1156 1400 quedam
1169 1309 1422 1380 concordancie
1433 1305 1536 1400 super
1547 1307 1638 1379 libro
1650 1306 1790 1382 Senece

502 1422 539 1490 in
558 1418 713 1491 secundo
732 1417 817 1490 folio
834 1416 940 1490 Ouiae
956 1421 999 1514 est
1018 1461 1025 1476 ·

453 1528 621 1604 Secunde
650 1530 804 1603 secunde
822 1533 940 1602 fratris
968 1531 1106 1604 Thome
1123 1533 1168 1605 de
1185 1532 1333 1626 Aquino
1350 1529 1502 1604 seeundo
1520 1531 1606 1602 folio
1638 1531 1788 1622 Quotam

502 1643 546 1737 cst
563 1635 773 1716 inanitas·

452 1753 679 1851 Augustinus
698 1756 742 1825 de
760 1755 921 1826 Ciuitate
940 1753 1009 1825 Dei
1035 1757 1081 1826 ab
1103 1757 1293 1827 vndeeimo
1312 1757 1398 1828 libro
1416 1755 1518 1851 supra
1537 1798 1545 1813 ·
1566 1758 1601 1828 in
1620 1755 1788 1830 asseribus

501 1866 656 1939 secundo
676 1865 760 1936 solio
778 1863 826 1936 Et
834 1864 1009 1961 sententia
1028 1909 1035 1924 ·

453 1979 609 2050 Letturn
633 1977 891 2048 sententiarum
920 1977 953 2044 in
986 1973 1154 2048 alteribus
1180 1979 1217 2049 in
1245 1975 1397 2050 seeundo
1424 1981 1509 2052 folio
1534 1979 1689 2077 Spiritus
1716 1985 1788 2055 eius

500 2091 637 2164 ornauit
652 2089 737 2162 celas
754 2131 762 2148 ·

451 2203 606 2275 betium
633 2200 739 2297 snper
764 2202 854 2272 libro
880 2199 1138 2272 sententiarum
1166 2202 1226 2293 qni
1254 2200 1378 2292 incipit
1403 2200 1640 2276 Samaritanus
1657 2247 1665 2263 ·
1685 2219 1723 2278 et
1750 2210 1785 2279 in

499 2314 654 2387 secunde
672 2313 757 2385 folio
776 2310 847 2386 Nec
864 2337 976 2384 creare
994 2352 1002 2368 ·

446 2428 570 2500 Tertia
588 2427 722 2499 tactura
744 2426 1000 2498 sententiarum
1020 2435 1057 2496 ct
1076 2425 1201 2517 incipit
1227 2419 1342 2495 i'tram
1350 2421 1433 2518 sini
1449 2437 1486 2494 et
1505 2422 1555 2496 est
1577 2429 1613 2497 in
1630 2427 1787 2521 peiiibns

497 2564 568 2612 non
588 2538 757 2614 asseribus
774 2580 782 2596 ·

445 2653 582 2724 'l'nbnia
601 2652 741 2724 t'ubtilis
767 2653 867 2723 Seoti
886 2661 924 2722 et
942 2652 1068 2744 incipit
1094 2639 1292 2744 Λζιβναέίιό
1309 2687 1318 2703 ·
1338 2649 1372 2717 in
1390 2644 1557 2722 affinibus
1576 2653 1611 2720 in
1630 2651 1785 2722 licendo

496 2766 582 2836 solie
606 2763 724 2837 Vtrum
741 2762 871 2835 liabitas
888 2804 896 2820 ·

446 2877 618 2948 Liberale
636 2875 914 2969 proprietatibus
940 2897 1057 2944 reruni
1086 2874 1122 2942 in
1150 2894 1220 2943 vno
1248 2871 1426 2944 volumine
1453 2875 1488 2943 in
1517 2872 1672 2946 secunde
1697 2876 1783 2948 solio

494 2978 867 3085 lt'tjpiritasjimtius
885 3025 893 3042 ·

444 3101 551 3172 Alius
570 3101 659 3171 liber
677 3101 721 3170 de
740 3097 1018 3192 proprietatibus
1038 3118 1156 3167 rerunt
1177 3098 1211 3166 in
1231 3097 1383 3168 iecnnda
1400 3097 1485 3167 folio
1510 3096 1551 3169 Vt
1567 3097 1686 3172 ibidem
1705 3140 1714 3158 ·

446 3211 657 3307 ,naniputus
676 3210 801 3280 florum
820 3210 996 3300 incipiens
1015 3209 1050 3278 in
1070 3207 1224 3279 ieeunalo
1243 3208 1329 3278 folio
1345 3209 1406 3280 Ad
1420 3208 1597 3283 eelanciant
1616 3252 1625 3269 ·

444 3325 554 3396 Liber
570 3325 615 3396 aie
634 3325 770 3395 naturis
789 3320 997 3392 animalium
1018 3322 1193 3413 incipiens
1211 3321 1247 3390 in
1268 3319 1418 3391 seeundo
1437 3321 1520 3392 solio
1537 3323 1751 3418 Apaaatiliam
1771 3369 1779 3386 ·

443 3433 602 3531 lipistnie
616 3439 755 3508 Seneee
769 3434 813 3505 al
829 3433 982 3503 l‘nulnni
1002 3444 1040 3502 et
1058 3432 1102 3504 ad
1118 3431 1299 3502 Lneiiintn
1320 3455 1399 3503 cunt
1418 3432 1629 3506 tractatibus
1647 3440 1722 3530 xiiij
1742 3442 1778 3510 in

491 3549 645 3620 secunda
663 3546 749 3617 fniio
767 3544 811 3616 ln
830 3553 887 3615 tna
901 3545 1043 3639 pantena
1061 3582 1069 3598 ·

441 3659 654 3754 Manipnins
667 3658 792 3729 florum
807 3659 842 3728 in
854 3657 1009 3727 ieeundn
1022 3656 1107 3726 salio
1118 3657 1222 3753 napa
1254 3655 1330 3725 iaaac
1343 3657 1376 3726 ia
1388 3655 1473 3726 libra
1484 3657 1526 3730 de
1537 3659 1777 3754 pastionibus·

439 3771 654 3859 anstiones
673 3768 746 3841 tine
765 3767 901 3842 letiam
918 3766 1177 3840 tententinrutn
1198 3769 1234 3838 in
1253 3765 1417 3840 nileribus
1430 3771 1489 3862 qni
1508 3772 1635 3864 incipit
1650 3769 1779 3846 Enem-

521 3908 544 3955 o
559 3907 627 3956 rere
645 3919 654 3940 ·
1746 3901 1751 3912 ·

440 3882 631 4092 Eniiiniieio
644 3995 740 4066 beati
759 3991 939 4086 Ambrosii
955 3991 1058 4085 iiaper
1073 3991 1177 4062 Beati
1195 3989 1419 4064 immaculati
1437 3994 1475 4063 in
1491 3991 1647 4067 secundo
1665 3999 1773 4072 folia·

437 4109 549 4182 Liber
578 4101 834 4180 contenanum
870 4103 966 4176 beati
1003 4101 1199 4200 Augustini
1233 4104 1406 4197 incipiens
1436 4105 1472 4175 in
1500 4104 1655 4182 secundo
1689 4111 1775 4184 solio

488 4219 613 4296 eidam
631 4259 640 4276 ·

433 4331 572 4404 Tabuie
590 4331 695 4424 titper
712 4327 948 4400 Valerianum
967 4339 1005 4398 et
1024 4329 1152 4423 incipit
1178 4326 1219 4400 Vt
1234 4327 1276 4399 da
1292 4326 1505 4428 infrascripta
1523 4371 1531 4388 ·

436 4443 546 4515 Liber
563 4439 733 4514 Ancelmi
751 4449 789 4511 et
807 4440 932 4534 incipit
951 4437 1038 4512 Tres
1055 4433 1219 4512 tratiatac
1231 4477 1240 4494 ·
1253 4441 1290 4511 in
1304 4439 1455 4514 t'ecundo
1470 4441 1554 4516 solio
1570 4441 1771 4522 Veritatem·

433 4561 627 4627 Semnones
644 4553 690 4626 de
707 4550 836 4624 sannis
852 4565 892 4624 et
908 4553 1033 4646 incipit
1051 4549 1097 4625 Ia
1116 4549 1230 4626 Meuia
1247 4575 1318 4624 tneo
1335 4593 1344 4610 ·
