4590 5954
970 693 1276 769 REGISTRUM
1641 702 1793 799 [sacam

545 1007 689 1082 LXIX.
716 1007 847 1082 Danda
862 1006 947 1081 suut
964 1008 1103 1080 decime
1121 1006 1166 1078 de
1183 1005 1351 1076 omnibus
1369 1027 1439 1098 que
1456 1020 1701 1084 renouaatur·

453 1232 550 1305 Item
576 1232 716 1306 decime
741 1232 937 1305 reddantur
961 1231 1007 1304 de
1031 1231 1198 1303 omuibus
1224 1252 1295 1323 que
1320 1239 1543 1301 renouentur
1570 1252 1634 1323 per
1657 1255 1790 1304 annum

453 1345 624 1418 videlicet
640 1345 686 1417 de
701 1343 921 1440 agricultura
945 1344 1254 1439 negociationibus
1271 1343 1355 1414 feno
1381 1341 1459 1413 lino
1483 1339 1566 1412 lana
1581 1353 1620 1412 et
1637 1340 1730 1416 ttae
1752 1355 1792 1415 ct

453 1458 499 1530 de
522 1457 759 1552 proueutibus
783 1455 1072 1528 molendirrorum
1090 1469 1130 1527 et
1147 1455 1192 1528 de
1209 1455 1376 1526 omuibus
1392 1453 1473 1547 alijs
1498 1449 1654 1524 honestis
1671 1455 1791 1524 fruiti·

452 1571 520 1642 bus
535 1567 731 1640 secundum
748 1565 1026 1640 consuetudines
1042 1568 1257 1662 approbatas
1275 1568 1447 1640 balaenae
1464 1573 1504 1637 ct
1521 1565 1688 1636 obtentae
1705 1604 1713 1620 ·

674 1787 797 1863 LXX.
823 1787 925 1874 Quot
940 1788 1092 1861 colle&e
1109 1789 1261 1861 dicende
1279 1787 1362 1862 sunt
1377 1791 1416 1862 iu
1433 1784 1543 1862 millia
1560 1831 1569 1848 ·

450 2015 560 2088 Sacre
576 2012 713 2106 Synodi
737 2011 995 2104 approbatione
1020 2007 1209 2082 salubriter
1226 2011 1396 2083 duximus
1421 2008 1650 2086 statuendum
1668 2025 1708 2087 vt
1723 2037 1788 2109 per

449 2119 627 2220 dyocesim
653 2119 809 2194 nostram
826 2122 864 2192 in
882 2119 1126 2192 celebratione
1151 2117 1331 2191 milliarum
1358 2133 1608 2216 preterquam
1631 2129 1668 2198 in
1690 2123 1787 2198 festia

447 2234 652 2330 duplicibus
678 2234 845 2304 dicautur
864 2233 1023 2323 quinque
1048 2229 1199 2302 collciio
1217 2253 1286 2303 vna
1303 2233 1348 2304 de
1366 2255 1455 2324 pace
1480 2232 1628 2309 ecclelia
1652 2236 1786 2310 scillcet

449 2365 627 2420 accurram
649 2365 726 2416 rua
748 2363 848 2422 ouis
874 2361 1025 2414 aomar:
1052 2361 1192 2414 raaces
1218 2355 1287 2414 etc.
1314 2342 1385 2414 alia
1410 2367 1473 2437 pro
1498 2346 1641 2418 domiuo
1667 2347 1785 2420 nostro

448 2459 550 2554 Rege
579 2467 618 2530 et
649 2455 790 2552 Regina
817 2465 856 2528 et
889 2475 1014 2528 corum
1045 2453 1129 2550 filijs
1162 2452 1298 2528 scillcet
1330 2475 1428 2527 aava
1458 2475 1500 2528 ra
1529 2477 1643 2530 cuma
1676 2481 1783 2532 ariao

446 2591 572 2644 ecana
590 2589 690 2642 aaut
707 2587 842 2641 nauum
860 2609 868 2626 ·

758 2788 904 2864 LXXI.
931 2789 989 2863 De
1006 2786 1209 2864 visitatione
1224 2793 1448 2864 infirmorum
1466 2833 1475 2849 ·

446 3017 541 3090 Item
559 3039 641 3087 cum
660 3009 906 3110 prelbyterum
922 3013 968 3085 ad
986 3013 1169 3086 infirmum
1182 3016 1300 3086 vocari
1318 3017 1513 3110 contigerit
1526 3013 1553 3087 sr
1565 3019 1689 3092 audita
1704 3021 1781 3092 cius

443 3124 660 3202 coniolsrouc
673 3128 766 3198 forto
779 3123 901 3198 testari
916 3126 1070 3198 voluerit
1088 3123 1200 3220 ipsum
1219 3125 1413 3220 diligenter
1425 3139 1572 3200 moueat
1585 3141 1624 3201 et
1636 3131 1782 3204 inducat

444 3238 695 3314 resecandum
720 3237 912 3310 facultates
932 3233 1011 3308 suaa
1034 3233 1200 3330 respiciat
1217 3236 1387 3310 fabricam
1405 3235 1553 3310 ecclelia
1569 3239 1782 3315 cathedralis

443 3376 526 3427 cum
544 3351 590 3426 ab
607 3349 681 3446 ipsa
698 3349 919 3444 parochiales
936 3344 1086 3420 ccclcsrc
1103 3349 1322 3420 documenta
1339 3346 1463 3421 salutis
1480 3353 1677 3446 accipiant·
1692 3354 1780 3427 liant

443 3469 480 3536 in
499 3465 604 3537 lmiua
622 3460 852 3534 exsecutione
866 3459 991 3532 statuti
1010 3483 1074 3556 per
1086 3457 1301 3555 superiorem
1320 3473 1427 3554 prout
1444 3463 1615 3556 expedire
1628 3465 1777 3540 viderit·

709 3684 875 3760 LXXII.
902 3683 1145 3757 Illonitioncm
1164 3685 1327 3756 faciendo
1346 3682 1515 3780 leprolia·

443 3913 538 3986 Item
568 3911 613 3984 tle
642 3913 710 4006 hijs
739 3913 801 4004 qui
832 3910 931 4005 lcpre
964 3909 1129 3982 morbum
1160 3911 1349 3980 incurrunt
1378 3921 1416 3982 ct
1445 3910 1492 3981 dc
1521 3909 1777 3988 consuetudine

439 4025 598 4124 generali
627 4048 650 4097 a
673 4025 928 4096 commuuione
956 4022 1143 4095 hominum
1172 4019 1382 4116 saporantur
1410 4018 1601 4096 statuimus
1625 4034 1665 4097 vt
1693 4051 1774 4099 cum

440 4138 532 4212 tolca
565 4137 610 4212 ad
648 4135 727 4208 loca
760 4133 797 4208 se
829 4133 1047 4208 traallcrunt
1083 4132 1240 4207 solitaria
1277 4143 1495 4206 moneantur
1531 4135 1722 4210 efficaciter
1753 4162 1775 4211 a

438 4248 652 4350 prclbyteria
676 4251 714 4322 ia
739 4269 864 4322 corum
888 4243 1023 4321 rccelIu
1044 4257 1085 4320 vt
1109 4245 1350 4342 parochialem
1374 4242 1562 4318 ecclesiam
1587 4245 1775 4344 respiciant

439 4363 632 4437 lircundum
650 4358 792 4434 suanam
816 4361 1041 4454 exigcociam
1059 4357 1272 4432 facultatum
1290 4358 1335 4430 ad
1354 4355 1495 4450 quodsi
1514 4361 1634 4432 iudaei
1651 4365 1775 4455 acqui·

438 4479 557 4550 ucrint
586 4473 687 4548 nulla
710 4475 762 4546 cia
787 4473 924 4546 coadio
949 4471 1125 4545 iaieratur
1150 4491 1233 4542 cum
1260 4467 1402 4542 afflictis
1429 4492 1503 4542 naa
1533 4471 1663 4546 debeat
1691 4476 1772 4548 addi

435 4587 568 4664 afflixio
585 4583 638 4659 set
655 4582 809 4680 ipsorum
826 4577 975 4680 miserija
992 4580 1037 4656 lit
1053 4585 1177 4679 pocius
1194 4579 1434 4654 miserendum
1452 4623 1461 4640 ·
