4612 5964
424 712 471 779 50
948 695 1259 772 nrorsrnurr
1445 653 1448 660 ’
1620 703 1773 800 [secun

424 900 535 976 nister
556 902 703 976 bomilia
720 898 875 974 salutem
892 900 930 970 iu
948 897 1096 972 domino
1113 935 1122 952 ·
1144 893 1302 966 Nouerit
1319 893 1527 970 mineriitaa
1545 895 1661 974 vestra
1677 902 1774 994 quod

425 1039 508 1088 oum
534 1039 629 1088 anno
647 1014 785 1087 domini
801 1006 995 1086 millefimo
1012 1001 1259 1081 ducentesrmo
1276 1002 1491 1100 sexagesimo
1508 1006 1611 1081 sexto
1629 1014 1666 1083 in
1683 1009 1773 1084 sesto

426 1125 538 1200 sandi
556 1125 806 1198 Bartholomei
823 1122 1060 1220 pontificatue
1077 1115 1190 1191 nostri
1207 1139 1302 1189 anuo
1320 1139 1413 1188 nono
1426 1119 1464 1187 iu
1477 1120 1637 1212 capitulo
1653 1119 1773 1194 nostro

427 1230 697 1310 Abbirdonenfi
721 1233 950 1331 presentibus
980 1234 1118 1305 decano
1144 1239 1355 1325 precentore
1377 1237 1416 1300 ct
1432 1227 1643 1321 quibusdam
1669 1255 1775 1305 cauo-

428 1351 518 1420 nicie
549 1348 629 1442 aliJe
655 1385 665 1404 ·
693 1345 908 1440 quibusdam
938 1369 1004 1440 per
1033 1350 1283 1438 procuratores
1312 1340 1601 1433 comparentibus
1634 1343 1775 1415 ordina-

428 1461 566 1532 tionem
590 1470 631 1532 et
655 1455 792 1531 statuto
821 1455 972 1530 ecclelia
1001 1451 1122 1527 nostre
1147 1477 1170 1526 a
1193 1447 1492 1547 predecelloribus
1518 1447 1647 1523 nostris
1676 1453 1774 1524 edita

428 1567 699 1664 inspexiilemua
723 1568 987 1664 et'diligenter
1011 1562 1311 1639 examinaffcmus
1335 1563 1566 1638 attendentes
1590 1562 1710 1656 aliqua
1734 1565 1772 1636 iu

427 1682 588 1775 predicta
620 1680 849 1752 ordinatione
881 1674 987 1750 iuill'e
1020 1674 1273 1768 obscuraque
1302 1676 1438 1748 animoa
1472 1675 1697 1748 audientium
1727 1677 1773 1748 ud

427 1791 669 1864 dubitandum
687 1791 747 1862 rbi
765 1785 910 1861 fortalle
934 1809 1010 1858 non
1026 1782 1115 1858 esset
1140 1783 1364 1860 besrtundum
1388 1781 1529 1883 pollent
1554 1789 1713 1860 excitare
1730 1811 1772 1860 uo

427 1902 584 1994 quedam
608 1899 681 1972 ulia
705 1901 826 1970 minua
851 1897 1014 1992 plenarie
1031 1893 1134 1968 suillo
1159 1896 1302 1991 prouisa
1316 1908 1354 1972 et
1371 1900 1536 1972 ordinata
1558 1900 1596 1970 in
1613 1898 1773 1994 capitulo

428 2010 491 2083 illo
508 2011 555 2082 de
572 2009 689 2081 officio
715 2003 925 2099 thesaurarij
944 2045 954 2064 ·
973 2015 1078 2101 patet
1100 2008 1195 2099 quod
1219 2009 1266 2080 de
1287 2007 1487 2104 sumptibus
1512 2008 1620 2083 solius
1645 2012 1771 2084 decani

427 2120 523 2214 quod
541 2121 661 2192 eidem
687 2116 777 2190 ellet
802 2114 994 2190 onerosum
1019 2115 1124 2211 plura
1144 2119 1347 2192 debuerunt
1362 2123 1401 2192 iu
1418 2121 1515 2194 dista
1538 2118 1686 2195 ecclelia
1710 2145 1775 2216 per

428 2230 687 2303 thesaurarium
708 2225 902 2300 sustentari
917 2267 926 2288 ·
941 2225 1023 2298 Noa
1040 2251 1186 2300 omnem
1203 2228 1464 2302 dubitationem
1481 2229 1640 2304 resecare
1652 2232 1774 2305 rolen-

427 2354 484 2415 tee
505 2365 547 2414 ac
564 2340 628 2412 illa
644 2363 715 2433 quo
740 2341 862 2411 minua
887 2337 997 2433 plene
1013 2338 1162 2411 fuerunt
1187 2338 1327 2432 prouisa
1342 2351 1381 2412 et
1397 2342 1562 2414 ordinatu
1586 2339 1774 2414 sulubriter

427 2452 650 2548 prouidendo
671 2449 872 2546 adimplere
890 2450 1127 2546 irrefragabili
1145 2448 1400 2524 constitutione
1416 2451 1632 2524 declarando
1649 2449 1774 2526 ilatui·

428 2587 509 2638 mua
521 2575 561 2636 et
572 2562 838 2636 ordinamuade
850 2557 1026 2635 consensu
1040 2561 1167 2633 decani
1185 2572 1224 2634 et
1237 2561 1384 2655 capituli
1396 2559 1589 2656 supradicti
1606 2564 1701 2658 quod
1715 2587 1774 2637 ec·

426 2672 534 2750 clesra
551 2676 658 2748 beate
676 2672 797 2748 Mario
814 2684 854 2748 et
871 2673 971 2746 beati
990 2671 1172 2768 Machorij
1192 2695 1261 2746 vno
1278 2669 1322 2744 srt
1338 2668 1486 2747 ecclesra
1501 2685 1541 2747 et
1557 2675 1773 2750 cathedralis

426 2785 649 2883 baptismalia
670 2795 710 2860 et
732 2783 950 2881 parochialia
975 2783 1091 2857 libera
1109 2785 1156 2858 ab
1172 2787 1272 2858 omui
1295 2787 1482 2859 exustione
1506 2787 1696 2882 temporali
1720 2792 1775 2862 ita

428 2897 600 2972 uidelicet
615 2896 713 2990 quod
739 2893 940 2991 principale
965 2893 1082 2968 altaro
1107 2891 1355 2990 presbiterium
1372 2897 1501 2970 cherua
1517 2897 1716 2993 capitulum
1733 2911 1773 2974 et

428 3006 648 3082 thesaurario
659 3007 863 3100 campanile
873 3016 914 3078 et
924 3027 1101 3100 campane
1113 3003 1273 3100 breuem
1290 3009 1327 3078 in
1337 3010 1503 3082 omuibus
1519 3019 1559 3082 et
1575 3033 1641 3104 per
1652 3014 1774 3084 omnia

426 3121 472 3194 ud
502 3120 585 3192 riba
618 3113 890 3212 dispolitionem
920 3125 961 3189 et
994 3115 1259 3190 ordinationem
1288 3118 1411 3190 decani
1445 3129 1485 3192 et
1517 3123 1772 3195 canonicorum

427 3232 671 3306 communiter
688 3269 697 3288 ·
714 3229 777 3324 qui
803 3228 851 3302 de
877 3226 1048 3300 luminari
1072 3223 1223 3300 honesto
1240 3237 1280 3300 et
1299 3225 1486 3304 sufficienti
1512 3253 1652 3304 necnon
1670 3234 1773 3307 etde

427 3343 650 3418 ornamentis
674 3341 775 3414 libris
797 3337 1000 3432 ceterisque
1026 3335 1226 3432 ucecisarija
1252 3340 1416 3413 omnibus
1438 3341 1681 3436 prouidcbunt
1699 3383 1707 3402 ·
1725 3346 1772 3417 ad

426 3477 581 3550 quorum
606 3447 908 3525 sustentationem
933 3445 1151 3546 allignarnua
1168 3450 1214 3522 de
1231 3447 1400 3524 consensu
1421 3452 1550 3526 decani
1566 3465 1606 3526 et
1622 3455 1772 3549 capituli

426 3589 554 3640 omnea
570 3565 812 3638 obuentiouea
829 3562 1035 3636 oblationes
1060 3563 1239 3658 gratuitae
1256 3575 1295 3636 ct
1312 3560 1430 3659 legata
1452 3566 1615 3662 gratuita
1629 3567 1676 3640 ad
1691 3590 1774 3663 pre·

426 3675 560 3752 dream
588 3670 776 3749 ecclesiam
799 3683 841 3748 ct
863 3674 979 3748 altare
1006 3673 1205 3770 principale
1224 3675 1471 3770 vndecumque
1495 3685 1535 3748 ot
1559 3697 1625 3771 pcr
1647 3700 1773 3770 quem·

425 3811 569 3883 cunque
594 3787 850 3883 proueniantia
869 3825 879 3844 ·
901 3783 1026 3859 Saluio
1051 3785 1212 3880 predicto
1237 3787 1371 3860 decano
1396 3787 1613 3860 omnimodia
1636 3789 1772 3862 obuen-

425 3900 587 3976 tlonibua
601 3907 642 3972 et
662 3897 744 3992 alija
768 3897 1017 3970 oblationibus
1043 3907 1082 3969 et
1107 3893 1236 3993 legatia
1252 3923 1274 3971 a
1291 3897 1511 3992 parochianis
1535 3895 1607 3971 suia
1632 3909 1707 3974 tam
1724 3901 1772 3974 dc

425 4015 503 4087 iure
519 4033 629 4106 quam
655 4010 702 4082 dc
726 4006 993 4082 consuetudine
1018 4011 1158 4083 rationo
1182 4007 1349 4104 parochie
1365 4007 1498 4083 debitia
1514 4011 1645 4104 quibua
1667 4023 1772 4086 extra

425 4125 574 4198 chorum
592 4115 845 4218 prclbiterium
861 4119 1066 4215 capitulum
1083 4117 1336 4194 tiresourariam
1356 4141 1422 4214 per
1436 4119 1663 4216 capellanum
1684 4124 1772 4217 ydo-

426 4255 537 4308 neum
566 4241 607 4306 et
635 4229 811 4304 clericum
844 4229 892 4304 ad
925 4229 1074 4325 aliquod
1107 4231 1223 4306 altare
1256 4231 1294 4302 in
1322 4225 1471 4304 ecclesa
1497 4231 1624 4307 diuina
1654 4234 1772 4310 officia

425 4340 649 4442 ministrabit
675 4340 774 4414 borio
802 4339 938 4414 debitia
971 4341 1106 4437 absquo
1135 4341 1395 4436 impedimento
1422 4338 1562 4438 semieij
1591 4344 1690 4420 ebori
1723 4347 1770 4420 ad

424 4451 628 4530 huiusmodi
649 4451 896 4548 deputandia·
916 4449 962 4524 lu
985 4455 1089 4527 euius
1115 4457 1166 4528 rei
1193 4448 1435 4526 testimouium
1460 4453 1618 4550 presenti
1639 4455 1770 4554 scripto

424 4563 580 4664 sigillum
609 4559 771 4638 nostrum
796 4583 870 4636 vna
895 4583 982 4637 cum
1009 4559 1126 4662 sugillo
1151 4561 1303 4660 capituli
1329 4560 1437 4640 nostri
1463 4563 1520 4640 cll
1544 4566 1769 4664 appensum·

423 4677 563 4754 Datum
581 4684 622 4750 at
636 4677 759 4752 adnm
776 4673 838 4750 dic
853 4681 895 4750 ct
910 4695 1009 4750 anno
1024 4673 1234 4773 supradidir
1250 4715 1260 4734 ·
