4564 5968
483 693 552 756 159
1004 682 1309 757 REGISTRUM
1670 685 1823 782 [secum

480 885 592 959 Carta
609 887 813 960 donationis
828 883 997 958 siluarum
1012 891 1051 952 et
1063 880 1214 951 aliarum
1232 878 1442 952 libertatum
1457 895 1552 954 terre
1565 885 1611 955 de
1625 883 1822 957 Galcboie·

480 997 595 1070 Carta
611 998 733 1071 Dauid
751 1001 846 1093 regis
863 995 1056 1068 Scotorum
1074 988 1179 1083 super
1195 1000 1309 1062 terras
1326 992 1373 1063 de
1389 991 1565 1064 Galchole
1582 1035 1590 1050 ·

481 1109 694 1204 Capelianie
711 1111 862 1182 fundate
879 1129 942 1200 per
964 1103 1165 1174 Rcbertum
1184 1101 1230 1172 de
1249 1101 1367 1174 Ketbt
1385 1101 1620 1176 mariscallum
1639 1105 1763 1178 Scotie
1781 1109 1816 1176 in

532 1217 684 1294 ecclesia
700 1218 898 1295 cathedrali
916 1219 962 1288 de
980 1213 1202 1286 Aberdene·

480 1333 719 1407 Confirmatio
746 1331 897 1406 Roberti
923 1329 1024 1398 ducis
1050 1327 1209 1398 Albanie
1232 1328 1480 1422 gubernatoris
1498 1327 1621 1400 Scotie
1649 1329 1694 1401 de
1719 1331 1823 1400 cittis

532 1445 743 1540 capellanijs
756 1455 795 1516 et
808 1443 877 1514 alie
890 1441 1011 1510 littere
1030 1436 1168 1510 diuerse
1182 1435 1383 1532 spedantea
1394 1439 1438 1511 ad
1456 1441 1566 1512 dieas
1582 1441 1820 1534 capellanias·

483 1557 685 1628 Indenturn
714 1549 944 1643 anniuersarij
981 1546 1138 1645 magistri
1172 1549 1351 1623 Jobnnnia
1385 1551 1519 1624 Carrcn
1554 1575 1634 1624 cum
1669 1565 1824 1644 quatuor

533 1665 684 1764 sigillis·

481 1781 593 1852 Carta
610 1777 731 1850 Dauid
750 1779 844 1872 regia
861 1775 1054 1847 creationis
1071 1772 1117 1843 de
1135 1772 1308 1848 Filiortht
1326 1778 1362 1847 in
1382 1777 1598 1872 prebendam
1617 1819 1625 1834 ·

484 1891 609 1961 Litera
625 1891 819 1960 creationis
836 1884 984 1958 ecclesie
1001 1885 1047 1956 de
1063 1884 1210 1957 Turreis
1226 1889 1263 1958 in
1281 1890 1497 1982 prebendam
1515 1927 1524 1946 .

481 2002 594 2073 Carta
611 1999 816 2070 donationis
832 1993 1023 2068 mansionis
1040 1997 1086 2067 de
1105 1995 1351 2094 Inuernccbty
1369 2041 1377 2058 ·
1508 1999 1512 2010 '

482 2113 634 2182 Statuta
650 2109 800 2202 capituli
818 2132 901 2181 cum
922 2105 1036 2202 sigilio
1050 2106 1207 2180 ciusdem
1227 2150 1236 2167 ·

481 2223 633 2294 Statutc
651 2220 798 2293 Ricardi
817 2219 971 2315 episcopi
991 2217 1284 2291 Abcrdcnensis·

482 2339 634 2406 statuta
648 2333 747 2404 Petri
766 2331 919 2428 episcopi
934 2328 1203 2404 Aberdonensrs
1215 2330 1281 2405 sub
1294 2331 1408 2430 sigilio
1421 2336 1576 2410 eiusdem
1595 2355 1633 2412 et
1650 2342 1820 2435 capituli·

482 2446 608 2518 Litora
621 2445 900 2518 renuntiationis
914 2439 1087 2515 comitisse
1098 2444 1144 2515 de
1155 2443 1362 2539 Gamyacbt
1376 2461 1414 2519 et
1427 2445 1661 2524 restitutionis
1672 2449 1822 2526 ecclesie

532 2552 803 2630 Aberdonensrs
819 2557 865 2628 de
883 2557 988 2627 terris
1003 2554 1049 2626 de
1066 2553 1221 2627 Ardlare
1237 2597 1247 2614 ·

482 2671 720 2742 Confirmatio
738 2670 881 2741 comitis
898 2669 943 2738 de
962 2667 1065 2737 Marr
1081 2667 1127 2737 de
1145 2669 1250 2740 terris
1266 2671 1312 2741 de
1330 2670 1484 2742 Ardlare
1501 2689 1538 2742 ct
1555 2671 1734 2767 Toqubirc
1751 2715 1759 2730 ·

483 2777 676 2874 Inquisitio
695 2779 745 2850 W
748 2779 875 2852 illelmi
894 2781 939 2850 de
955 2777 1104 2850 Tulides
1116 2778 1162 2850 de
1181 2777 1385 2852 Lentuscbe
1402 2793 1440 2852 et
1459 2781 1677 2858 Rothmase·

481 2893 595 2964 Carta
611 2891 748 2962 domini
765 2891 812 2962 de
831 2890 969 2962 Meiros
987 2891 1032 2960 de
1049 2889 1229 2982 Toquirirc
1247 2930 1255 2946 ·

484 3003 609 3075 Litera
621 3001 973 3095 quieteelsmationis
992 3001 1182 3072 Farcbardi
1201 3001 1444 3094 M‘Kyntoelri
1463 3006 1507 3076 dc
1524 3009 1628 3078 terris
1645 3008 1690 3082 dc
1710 3009 1820 3084 liras·

479 3114 568 3187 Tres
588 3115 710 3186 littere
728 3124 958 3206 patronomm
977 3109 1126 3184 ecclesie
1143 3112 1189 3184 de
1208 3112 1368 3186 Rothsen
1386 3114 1431 3185 de
1448 3121 1626 3192 creatione
1639 3123 1820 3214 prebende

531 3226 691 3298 ciusdem
714 3224 849 3296 scilieet
875 3223 997 3296 littem
1020 3225 1155 3296 domini
1183 3223 1292 3320 Regis
1315 3224 1468 3322 episcopi
1490 3228 1596 3302 liniti
1615 3233 1764 3306 Andree
1781 3247 1819 3306 et

529 3335 686 3433 episcopi
705 3331 998 3408 Aberdoncnsrs·

485 3451 580 3523 ltem
600 3459 701 3522 carta
727 3449 918 3520 creationis
935 3447 1092 3520 eiusdem
1118 3473 1200 3520 cum
1225 3451 1365 3522 duobus
1390 3449 1511 3546 sigillis
1535 3453 1668 3528 scilieet
1685 3457 1818 3530 domini

529 3558 687 3657 episcopi
706 3574 744 3633 ct
762 3559 911 3653 capituli
931 3571 969 3631 ct
987 3558 1304 3654 subscriptionibus
1321 3565 1569 3636 canonicorum
1589 3608 1596 3623 ·

480 3675 575 3746 item
605 3672 712 3744 litera
729 3674 921 3746 creationis
938 3673 984 3742 dc
1004 3671 1222 3768 Monymusk
1241 3675 1277 3744 in
1296 3673 1515 3768 prebendam
1540 3701 1622 3750 cum
1646 3681 1816 3756 consensa

527 3785 666 3858 domini
684 3781 840 3878 episcopi
857 3783 966 3856 saniii
985 3784 1159 3858 Andree·

481 3899 605 3970 ssiteta
621 3893 904 3967 confimrationis
922 3895 968 3967 de
986 3896 1111 3968 tabula
1137 3919 1201 3992 per
1224 3898 1410 3970 dominum
1437 3896 1665 3996 Ingerauaum
1683 3905 1817 3999 episeo-

526 4031 614 4104 pum
632 4005 951 4078 Aberdcnensem·

476 4121 678 4194 Decretum
712 4119 810 4191 inter
839 4115 1043 4214 episcopum
1071 4119 1365 4194 aberdonensem
1391 4144 1437 4194 ex
1464 4145 1533 4196 rna
1557 4139 1594 4198 et
1629 4129 1813 4204 dominum

525 4231 724 4328 liagcaem
751 4229 797 4302 de
816 4229 959 4324 Weliys
989 4233 1158 4304 ricarium
1183 4231 1229 4304 dc
1257 4232 1343 4329 Nyg
1367 4245 1469 4328 parte
1495 4259 1541 4309 ex
1566 4238 1681 4314 altera
1705 4241 1751 4314 de
1777 4259 1814 4314 et

525 4343 632 4438 super
649 4341 804 4436 piscibus
821 4340 1056 4413 decimalibus
1074 4367 1120 4417 cx
1138 4355 1240 4438 parte
1256 4342 1401 4418 australi
1419 4345 1465 4418 de
1483 4346 1586 4420 Dee·

477 4457 602 4530 Litera
611 4451 863 4526 testimonialia
876 4439 1010 4526 domini
1024 4455 1222 4528 Alexandri
1240 4458 1286 4530 de
1299 4456 1463 4551 Irawyne
1481 4461 1603 4534 militia
1620 4463 1810 4542 desursum

523 4565 728 4640 redditione
744 4566 791 4638 de
809 4563 1010 4672 Dalmapoc
1026 4575 1067 4639 et
1086 4567 1325 4644 Pctbrecbare
1342 4611 1350 4628 ·
