4526 5954
477 726 563 822 xa]
950 734 1356 811 Annuuounnsn.
1753 746 1826 818 aaa

476 925 607 1022 Owrye
626 929 749 1006 versus
766 937 889 1009 oriens
906 948 945 1008 et
963 957 1193 1009 communem
1217 936 1310 1005 viam
1328 934 1463 1026 regiam
1491 931 1608 1004 versus
1625 939 1820 1010 occidens·

474 1049 513 1109 et
533 1061 642 1114 vnum
667 1068 832 1120 annuum
851 1049 1034 1121 redditum
1052 1045 1116 1118 sex
1141 1043 1333 1116 solidorum
1350 1044 1431 1114 oao
1448 1043 1675 1116 denariorum
1694 1050 1739 1121 de
1757 1053 1822 1123 tri-

436 1177 439 1182 ¹
474 1151 542 1224 bus
559 1157 659 1230 rudis
676 1168 775 1233 terre

1025 1257 1290 1365 [lacessita]

467 1604 653 1703 Obligatio
670 1610 825 1681 fratrum
842 1607 1110 1701 predicatorum
1127 1604 1173 1676 de
1191 1603 1363 1676 Aberden
1380 1643 1389 1661 ·

469 1806 666 1905 Vniuersrs
683 1842 723 1903 et
739 1827 888 1922 fingatis
914 1825 1033 1899 sande
1058 1829 1185 1900 matris
1210 1826 1357 1902 ecclesie
1380 1829 1463 1924 lilijs
1479 1832 1522 1902 ad
1541 1853 1694 1924 quorum
1719 1832 1816 1902 uoti-

465 1945 540 2016 cias
568 1940 753 2037 presentes
782 1941 889 2010 litere
918 1941 1152 2034 peruenerint
1181 1981 1191 1999 ·
1223 1941 1301 2014 Nos
1330 1943 1443 2014 frater
1467 1942 1654 2015 Johanues
1683 1942 1814 2038 Penny

465 2055 614 2127 humilis
641 2055 738 2148 prior
767 2052 904 2122 ordinis
938 2052 1206 2145 predicatorum
1235 2053 1281 2125 de
1309 2054 1506 2149 Abyrdene
1535 2063 1574 2126 et
1608 2065 1813 2127 conuentus

464 2163 623 2239 eiusdem
642 2162 795 2235 salutem
822 2204 831 2221 ·
859 2161 1042 2247 Quoniam
1061 2173 1100 2234 vt
1127 2165 1179 2236 ait
1196 2161 1376 2258 apostolus
1392 2188 1516 2238 omues
1534 2162 1707 2238 stabimus
1724 2176 1813 2239 ante

464 2275 623 2350 tribunal
655 2275 791 2347 domini
823 2271 934 2345 nostri
965 2275 1062 2346 Jebu
1090 2272 1221 2348 Christi
1246 2277 1427 2370 recepturi
1450 2285 1555 2370 prout
1580 2277 1640 2349 hic
1666 2280 1704 2349 in
1735 2301 1813 2350 eor-

462 2411 550 2484 porc
582 2381 753 2483 gellrmus
785 2381 861 2458 fine
889 2387 1025 2458 bonum
1054 2388 1165 2460 fuerit
1198 2382 1272 2459 llue
1305 2387 1440 2459 malum
1471 2429 1479 2445 ·
1515 2389 1599 2460 hinc
1629 2385 1684 2459 est
1713 2390 1811 2483 quod

460 2495 632 2595 magister
648 2495 785 2592 Symon
805 2497 922 2571 Dodis
947 2500 1142 2571 canonicus
1168 2496 1315 2571 ecclesie
1337 2499 1551 2570 cathedralis
1568 2499 1810 2572 Aberdonen·

460 2608 506 2682 lis
536 2621 575 2682 et
604 2609 864 2704 prebendarius
894 2609 941 2681 de
965 2607 1193 2703 Inueruotby
1224 2611 1261 2680 iu
1287 2620 1520 2704 augmentum
1545 2610 1659 2681 diuini
1685 2611 1809 2683 cultus

461 2732 499 2794 et
529 2719 838 2816 supportationem
866 2723 1092 2815 paupertatis
1117 2721 1379 2815 predicatorum
1408 2722 1556 2792 fratrum
1588 2731 1627 2792 ct
1650 2745 1810 2794 conuen-

459 2844 521 2906 tus
554 2832 714 2907 eiusdem
744 2834 851 2905 nobis
886 2836 1077 2907 caritatiue
1102 2855 1231 2905 manus
1255 2834 1454 2927 porrexerit
1482 2833 1674 2904 adiutrices
1708 2833 1809 2906 ride·

459 2947 595 3018 delicet
612 2947 851 3041 quadraginta
869 2969 1008 3018 marcas
1026 2943 1157 3017 usualis
1182 2956 1328 3017 monete
1353 2947 1453 3040 regni
1480 2943 1603 3017 Scotie
1620 2946 1665 3018 ad
1682 2969 1809 3018 emen·

458 3060 545 3129 dum
563 3069 601 3129 et
619 3058 873 3130 redimendum
893 3059 982 3130 duas
1008 3079 1147 3129 marcas
1165 3069 1260 3128 terre
1276 3053 1350 3129 srue
1366 3059 1475 3128 annui
1493 3057 1655 3130 redditus
1674 3056 1807 3131 vsualis

458 3171 598 3265 prefate
624 3181 773 3241 monete
797 3171 907 3262 priori
925 3180 964 3242 et
981 3168 1153 3241 iratribus
1170 3169 1299 3263 prefati
1325 3168 1395 3240 loci
1414 3169 1458 3240 de
1475 3167 1645 3240 Aberden
1673 3171 1806 3264 imper-

458 3294 610 3376 petuum
622 3321 631 3340 ·
644 3278 702 3353 De
715 3279 1007 3375 quibus'quidem
1022 3280 1261 3374 quadraginta
1273 3281 1401 3352 marcis
1415 3279 1591 3373 prelatum
1605 3279 1805 3374 Symonem

459 3393 574 3467 Dodis
591 3395 629 3467 se
645 3392 727 3465 snos
745 3393 900 3466 heredes
922 3405 1137 3465 executores
1154 3402 1193 3463 et
1210 3387 1400 3487 ndignatus
1418 3389 1646 3485 quoscunque
1671 3394 1804 3487 imper-

456 3517 608 3603 petuum
626 3503 954 3600 quieteclamamus
967 3527 1031 3598 per
1048 3499 1234 3599 presentes
1250 3543 1259 3561 ·
1277 3526 1366 3596 quas
1382 3503 1528 3596 quidem
1552 3503 1641 3575 duas
1663 3527 1803 3577 marcas

455 3621 605 3714 predicti
624 3619 735 3692 annui
761 3617 927 3689 redditus
945 3612 993 3688 lic
1010 3611 1175 3687 distribui
1201 3616 1361 3688 decreuit
1378 3627 1417 3687 et
1433 3614 1614 3686 ordinauit
1639 3616 1802 3710 prefatus

454 3727 625 3826 magister
636 3727 951 3824 Symonvidelicet
962 3727 1069 3822 pn'ori
1080 3727 1222 3820 prefato
1232 3736 1270 3798 et
1280 3726 1460 3822 legittime
1470 3722 1801 3801 suissucccllon'bus

455 3841 676 3914 intrantibus
704 3839 898 3912 sexdecem
925 3835 1056 3911 solidos
1081 3849 1120 3911 et
1145 3838 1227 3910 odo
1251 3839 1414 3911 denarios
1438 3861 1503 3932 pro
1528 3835 1800 3932 supportatione

453 3954 574 4025 onena
589 3950 652 4024 sue
669 3953 798 4023 domus
815 3960 856 4023 et
878 3951 1036 4044 reliquos
1054 3972 1139 4023 vero
1157 3949 1283 4022 decem
1304 3947 1434 4022 solidos
1451 3950 1619 4022 fratribus
1637 3952 1799 4045 proditae

454 4065 583 4136 domus
600 4074 640 4136 et
656 4064 792 4135 ordinis
809 4063 901 4134 inibi
918 4063 1111 4134 canonicas
1135 4061 1241 4134 boras
1265 4062 1398 4134 cotidie
1423 4060 1691 4133 celebrantibus
1707 4065 1799 4136 cari-

452 4179 571 4250 tatinc
600 4171 764 4248 distribui
795 4175 979 4246 ordinauit
1004 4214 1013 4232 ·
1040 4173 1284 4260 Quamobrem
1311 4173 1550 4246 benefacienti
1580 4171 1797 4247 benefacere

451 4287 675 4384 obligatione
700 4284 858 4358 naturali
884 4296 1055 4358 tenemur
1078 4279 1211 4358 astricti
1236 4309 1301 4358 nos
1325 4287 1438 4382 igitur
1460 4287 1554 4380 prior
1576 4297 1615 4357 et
1637 4308 1798 4360 conuen-

450 4412 513 4474 tus
529 4400 665 4472 ordinis
681 4397 833 4494 pre-dicti
848 4399 895 4472 de
909 4398 1082 4472 Aberden
1095 4397 1168 4469 lide
1185 4399 1303 4471 media
1319 4397 1520 4493 obligamur
1531 4410 1570 4468 et
1583 4392 1796 4472 luccellores

443 4509 591 4586 nostros
616 4509 768 4606 obligari
785 4519 826 4582 et
842 4504 991 4608 allriugi
1014 4510 1182 4582 volumus
1205 4532 1269 4604 pro
1285 4533 1356 4582 rua
1379 4504 1479 4581 milla
1494 4509 1541 4580 de
1555 4505 1676 4582 sancta
1692 4511 1796 4582 trini-

451 4637 530 4700 tate
552 4620 701 4719 frngarlis
718 4621 910 4696 dominicis
936 4618 1085 4718 lingulis
1110 4619 1312 4695 ebdomatis
1336 4619 1522 4718 perpetuis
1547 4622 1678 4694 futuris
1700 4631 1795 4696 tem-
