4526 5954
473 745 575 840 xvi]
928 747 1334 826 sansoonnnsn.
1744 757 1815 829 aas

468 944 677 1018 ludentibus
706 947 743 1019 in
773 948 905 1043 plateis
932 953 1011 1025 eiua
1037 989 1046 1010 ·
1075 949 1156 1022 Hee
1192 950 1282 1022 dieit
1309 951 1477 1022 dominus
1512 950 1740 1019 exercituum
1770 949 1812 1022 Si

467 1057 610 1130 difficile
628 1060 809 1135 videbitur
824 1066 862 1136 in
881 1065 995 1139 oculis
1018 1063 1250 1155 reliquiarum
1268 1060 1393 1154 populi
1412 1060 1520 1130 huius
1536 1061 1574 1130 in
1593 1057 1722 1131 diebus
1739 1059 1811 1131 illis

466 1171 628 1264 nunquid
653 1175 691 1245 in
719 1177 832 1250 oculis
854 1179 945 1251 meis
972 1175 1117 1248 difficile
1147 1175 1218 1244 erit
1244 1173 1332 1242 dicit
1359 1171 1528 1242 dominus
1556 1173 1810 1244 exercituum·

465 1279 548 1355 Hec
564 1286 653 1358 dicit
677 1288 844 1361 dominus
860 1290 1087 1362 exercituum
1112 1283 1210 1355 Eece
1234 1305 1301 1376 ego
1318 1279 1464 1354 saluabo
1490 1282 1666 1378 populum
1684 1305 1807 1353 meum

463 1394 509 1468 de
535 1405 630 1471 terra
658 1401 807 1472 orientis
833 1400 943 1472 etde
974 1407 1071 1468 terra
1104 1391 1249 1465 occasus
1275 1391 1358 1465 solis
1386 1406 1426 1466 et
1459 1394 1637 1466 adducam
1665 1416 1726 1466 eos
1767 1404 1806 1466 et

462 1507 678 1583 habitabunt
700 1514 738 1584 in
760 1512 881 1582 medio
910 1503 1138 1580 Hierusalem
1171 1515 1210 1578 et
1244 1515 1352 1578 erunt
1377 1507 1467 1578 mihi
1495 1508 1532 1578 in
1563 1507 1737 1601 populum
1766 1519 1805 1579 et

461 1643 529 1716 ego
555 1645 618 1694 ero
652 1624 705 1695 eis
734 1625 771 1694 in
799 1623 908 1694 deum
937 1621 976 1691 in
1006 1620 1162 1690 veritate
1192 1627 1231 1690 et
1261 1619 1298 1690 in
1326 1614 1468 1692 iusticia
1501 1620 1591 1691 dicit
1622 1618 1804 1692 Dominus

461 1735 688 1829 omnipotens
705 1775 714 1793 ·

703 2065 824 2138 anu
842 2083 963 2138 saxna
979 2105 989 2124 ·
1008 2064 1154 2138 Lacrro
1173 2063 1278 2136 Isara
1296 2085 1525 2138 rnornsrs·

504 2290 587 2364 Heo
604 2291 693 2361 dicit
710 2290 876 2361 dominus
892 2290 981 2362 deus
999 2289 1118 2384 Super
1139 2311 1261 2361 muros
1278 2298 1361 2361 tuos
1378 2287 1606 2362 Hierusalem
1628 2287 1797 2362 constitui

453 2400 642 2478 custodes·
662 2409 741 2472 tota
757 2401 816 2472 die
832 2413 871 2472 et
888 2410 966 2472 tota
983 2403 1089 2473 node
1106 2403 1144 2473 in
1169 2411 1385 2496 perpetuum
1403 2424 1476 2473 non
1494 2402 1670 2474 tacebunt
1696 2442 1705 2460 ·
1723 2399 1797 2486 Qui

452 2511 718 2588 reminiscimini
744 2513 880 2584 domini
905 2536 952 2584 ne
977 2515 1129 2586 taceatis
1155 2524 1194 2584 et
1214 2535 1262 2584 nc-
1288 2514 1382 2585 detis
1410 2509 1594 2585 silentium
1620 2516 1652 2584 ei
1679 2514 1796 2585 donec

451 2623 608 2698 stabiliat
625 2632 664 2696 et
680 2624 795 2697 donee
813 2632 924 2718 ponat
951 2621 1179 2696 Hierusalem
1198 2624 1343 2696 laudem
1361 2625 1400 2696 in
1418 2634 1541 2697 terra·
1567 2625 1593 2696 J
1596 2627 1717 2697 urauit
1733 2625 1797 2697 do·

451 2738 570 2810 minus
587 2738 624 2808 in
651 2737 801 2808 dextera
817 2734 879 2807 sua
896 2747 934 2807 ct
959 2737 997 2806 in
1014 2735 1160 2808 brachio
1184 2736 1410 2808 fortitudinis
1427 2736 1490 2808 suc
1510 2735 1551 2808 Si
1578 2737 1711 2808 dedero
1730 2739 1794 2808 tri·

450 2852 563 2922 ticum
580 2859 686 2922 tuum
703 2847 798 2922 vltra
813 2850 935 2921 cibum
956 2849 1111 2921 inimicis
1128 2849 1203 2920 tuis
1219 2857 1259 2920 et
1277 2843 1301 2920 fi
1329 2849 1488 2920 biberint
1506 2848 1570 2943 filij
1588 2849 1794 2943 alienigene

449 2965 572 3035 sinum
591 2973 696 3034 tuum
714 2963 751 3033 in
768 2985 840 3054 quo
857 2955 1023 3032 laborasti
1048 2997 1058 3017 ·
1084 2959 1180 3046 Quia
1197 2962 1256 3053 qui
1276 2961 1549 3056 congregabunt
1566 2960 1656 3032 illud
1673 2983 1793 3032 come·

448 3077 536 3148 dent
553 3087 592 3147 et
618 3073 817 3146 laudabunt
843 3071 1042 3144 Dominum
1060 3111 1070 3130 ·
1087 3074 1206 3165 etqui
1231 3081 1463 3165 comportant
1488 3073 1579 3144 illud
1601 3073 1728 3145 bibent
1753 3074 1791 3143 in

446 3187 546 3284 atrijs
563 3185 690 3259 suauis
706 3188 823 3258 meis·
843 3180 1006 3258 Transire
1024 3180 1174 3258 transrte
1186 3207 1251 3278 per
1264 3195 1386 3278 portas
1401 3193 1592 3279 proparate
1609 3186 1704 3255 riam
1728 3207 1792 3278 po·

446 3300 532 3394 pulo
558 3297 707 3394 planum
735 3297 844 3370 facite
866 3299 938 3369 iter
962 3305 1001 3368 et
1024 3297 1158 3392 eligete
1187 3296 1323 3392 lapides
1346 3305 1385 3367 et
1409 3295 1554 3368 eleuata
1577 3291 1716 3391 lignum
1743 3295 1787 3366 ad

446 3411 596 3506 populos
621 3433 706 3482 ccco
731 3409 898 3480 dominus
927 3408 1093 3480 auditum
1118 3409 1207 3481 fecit
1237 3410 1274 3478 in
1300 3409 1474 3478 extremis
1499 3417 1597 3479 terre
1627 3447 1636 3465 ·
1667 3406 1789 3478 Dicite

445 3523 518 3595 filie
540 3522 638 3618 Syon
663 3545 747 3594 ccco
775 3519 931 3593 saluator
957 3530 1042 3592 tuus
1069 3522 1170 3592 rcnit
1195 3543 1280 3591 ccco
1305 3541 1445 3591 mcrccs
1470 3519 1548 3590 cius
1571 3542 1653 3591 cum
1678 3543 1722 3589 co
1748 3529 1786 3589 ct

443 3657 533 3730 opus
550 3636 647 3708 illius
673 3656 792 3707 coram
810 3632 897 3704 illo·
917 3631 967 3704 Et
984 3633 1168 3704 vocabunt
1188 3653 1250 3703 eos
1268 3629 1423 3725 populus
1448 3629 1590 3702 sairdas
1606 3631 1785 3724 redempti

444 3769 466 3818 a
483 3747 628 3820 domino
650 3787 659 3805 ·
678 3745 733 3818 'su
751 3755 874 3820 autem
892 3745 1075 3818 vocaberis
1089 3739 1230 3837 quesita
1245 3745 1375 3816 ciuitas
1392 3753 1431 3814 et
1448 3765 1522 3814 non
1539 3742 1734 3815 derelicta·

517 4081 716 4157 Doumrcs
734 4101 874 4154 rsarm
890 4083 1110 4154 Anunsrus
1128 4098 1270 4151 nomm
1289 4119 1297 4137 ·
1317 4077 1383 4151 An
1396 4077 1702 4152 Cuoamrnaos·

492 4308 637 4381 Fratres
658 4341 669 4362 ·
685 4303 748 4378 Sic
768 4329 835 4378 nos
850 4301 1034 4380 existimet
1056 4305 1165 4377 lromo
1182 4311 1223 4376 vt
1239 4299 1421 4375 ministros
1437 4299 1571 4376 Christi
1586 4313 1627 4376 et
1642 4300 1783 4399 dispen-

442 4421 575 4500 satores
601 4412 880 4491 ministeriorum
897 4416 996 4490 Dei·
1023 4415 1097 4490 Hic
1122 4417 1194 4489 iam
1220 4417 1386 4508 queritur
1406 4417 1504 4488 inter
1523 4414 1782 4510 dispensatores

442 4551 482 4613 vt
497 4532 614 4610 fidelis
631 4529 711 4626 quis
727 4531 937 4604 inueniatur
953 4571 963 4591 ι
982 4527 1098 4604 Michi
1116 4539 1239 4603 autem
1258 4549 1323 4621 pro
1338 4529 1492 4601 minimo
1507 4523 1562 4601 est
1579 4538 1620 4601 vt
1634 4551 1658 4600 a
1679 4532 1781 4603 robis
