4612 5964
527 820 629 914 xva]
998 825 1404 903 ABERDONENSE.
1802 839 1869 910 109

576 1129 789 1226 Capellanie
807 1139 906 1211 chori
923 1163 987 1235 pro
1004 1162 1103 1212 nuno
1121 1149 1227 1212 extra
1242 1135 1528 1208 distributionem
1546 1134 1729 1206 facultatis
1747 1177 1755 1191 ·

524 1355 737 1451 capellania
750 1363 797 1435 de
810 1361 979 1437 Vesthall
996 1361 1151 1433 fundata
1167 1382 1233 1452 per
1245 1358 1429 1427 dominum
1447 1354 1677 1450 Ingeramum
1698 1357 1864 1454 Lyndsay

572 1469 779 1569 episcopum
792 1476 973 1570 quondam
987 1466 1303 1543 Abbirdonensem
1316 1465 1376 1538 scd
1390 1463 1531 1539 astricta
1548 1469 1655 1540 choro
1669 1480 1707 1541 et
1720 1474 1863 1544 maiori-

541 1617 547 1631 ..
571 1585 639 1659 bue
655 1587 753 1660 horis
770 1584 929 1660 eiusdem
946 1577 1114 1655 interesse
1182 1633 1627 1651 .....
1728 1605 1779 1654 xx
1796 1583 1859 1656 lit.

520 1697 731 1792 Capellania
748 1701 793 1772 de
807 1693 959 1772 Galchol
973 1716 1044 1786 que
1061 1691 1150 1762 alias
1168 1693 1237 1763 fuit
1251 1693 1287 1762 in
1302 1691 1476 1764 facultate
1493 1692 1589 1764 chori
1603 1692 1663 1765 sed
1680 1717 1745 1788 pro
1762 1718 1859 1768 nunc

568 1812 614 1883 ad
632 1821 739 1884 extra
763 1835 827 1906 pro
854 1810 975 1880 anima
999 1805 1094 1898 regis
1112 1801 1233 1876 Dauid
1259 1803 1450 1876 Scotorum
1476 1829 1540 1900 pro
1565 1830 1635 1899 qua
1651 1807 1859 1901 capellanus

501 1987 503 1990 .
568 1920 728 1994 eiusdem
745 1921 884 1994 nullam
900 1919 987 1989 facit
1003 1912 1234 1988 residentiam
1253 1917 1292 1987 in
1309 1919 1417 1990 choro
1500 1919 1534 2012 ij
1553 1919 1614 1991 lit.
1632 1921 1697 2013 xiij
1714 1917 1748 1992 sl.
1767 1923 1803 1991 iv
1821 1919 1856 1992 d.

517 2033 729 2129 capellania
754 2034 800 2105 de
826 2029 949 2122 Morfy
972 2037 1077 2100 extra
1099 2027 1250 2100 chorum
1276 2023 1439 2101 similiter
1464 2054 1526 2124 pro
1553 2033 1672 2103 anima
1697 2029 1856 2128 magistri

566 2147 736 2220 Duneani
755 2141 945 2233 Laurencij
1082 2192 1091 2210 .
1193 2194 1202 2210 .
1303 2196 1311 2212 .
1413 2197 1421 2213 .
1502 2145 1535 2236 vj
1555 2144 1615 2215 lit.
1633 2146 1695 2238 xiij
1714 2145 1746 2216 ll.
1764 2147 1801 2217 iv
1818 2143 1854 2217 d.

515 2257 726 2353 (lapellanie
740 2250 895 2350 magistri
908 2251 932 2321 J
934 2250 1086 2323 ohannis
1100 2250 1186 2324 Clat
1200 2254 1378 2344 quondam
1397 2257 1556 2327 canonici
1571 2255 1855 2329 Abbirdonenlis

563 2370 742 2443 adultere
771 2368 877 2437 beate
908 2361 1065 2435 Katrine
1100 2365 1248 2458 virginis
1280 2367 1326 2436 ad
1360 2365 1553 2460 plenariam
1587 2365 1853 2462 dispositionem

563 2479 714 2576 capituli
742 2502 813 2571 que
841 2474 1036 2547 seeundum
1065 2476 1315 2548 fundationem
1343 2481 1513 2550 continue
1537 2479 1670 2551 debent
1687 2477 1854 2553 interesse

561 2593 672 2666 choro
688 2612 773 2663 cum
791 2590 872 2682 aliJs
889 2588 1031 2680 ricarijs
1048 2584 1208 2660 eiusdem
1228 2590 1470 2662 extendentes
1486 2614 1550 2685 pro
1568 2614 1664 2664 nunc
1682 2593 1726 2664 ad

1500 2705 1562 2795 xiij
1579 2703 1641 2774 lio.
1661 2703 1718 2776 vel
1737 2706 1851 2776 circa·

512 2816 596 2888 Duo
612 2813 813 2908 capellanie
839 2813 988 2883 fundate
1006 2835 1070 2906 per
1091 2813 1278 2885 dominum
1305 2811 1557 2886 lllareseallum
1575 2816 1618 2887 ad
1638 2817 1751 2887 altare
1768 2816 1852 2888 bea-

558 2923 692 2999 tissime
729 2927 876 3020 virginis
911 2923 1031 2996 Marie
1074 2927 1171 2996 intra
1213 2925 1344 2997 dittam
1378 2923 1562 3006 eeclesiam
1605 2926 1849 2999 cathedralem

559 3037 873 3110 Abbirdonensem
890 3061 961 3130 que
974 3037 1121 3129 quidem
1135 3037 1271 3109 nullam
1290 3039 1427 3109 faciunt
1440 3036 1666 3112 residentiam
1685 3043 1722 3111 in
1740 3041 1849 3112 choro

558 3175 678 3244 nequo
696 3159 801 3222 extra
817 3150 965 3223 chorum
978 3151 1083 3220 iuxta
1099 3149 1350 3222 fundationem
1369 3151 1553 3224 fundatam
1569 3174 1632 3244 per
1645 3151 1847 3225 Robertum

558 3265 604 3335 de
622 3263 747 3357 Keytlr
767 3263 812 3334 de
830 3263 934 3333 terris
951 3261 997 3332 de
1014 3259 1163 3354 Kyntor
1180 3273 1218 3333 et
1236 3261 1422 3334 Skelnen·

506 3376 720 3471 Capellauia
746 3376 898 3446 fundata
913 3396 978 3467 per
994 3373 1177 3466 quondam
1205 3368 1410 3468 magistrum
1429 3373 1645 3447 Duncanum
1671 3373 1847 3448 Selremre

554 3490 731 3562 restorem
750 3490 796 3558 de
813 3486 914 3558 Clatt
939 3509 1037 3556 nunc
1062 3487 1165 3557 vnlta
1188 3485 1341 3582 eolleffl‘o
1366 3481 1628 3558 Abbirdonensr
1656 3483 1847 3560 distributa

556 3597 785 3674 studentibus
803 3601 839 3670 in
857 3600 933 3668 iure
954 3599 1129 3669 canonico
1147 3637 1155 3654 ·

506 3711 717 3807 Capellauia
734 3712 884 3782 fundata
902 3732 965 3803 per
981 3709 1170 3780 dominum
1193 3705 1396 3802 episcopum
1412 3709 1586 3782 'l'homam
1604 3710 1845 3804 Abyrdoneu-

553 3822 628 3895 scm
646 3823 801 3918 collegio
818 3819 1085 3894 Abbirdonensr
1105 3823 1334 3916 incorporata
1357 3817 1544 3894 distributa
1561 3818 1787 3895 studentibus
1805 3827 1842 3895 in

554 3938 633 4008 iure
654 3938 855 4007 conopico·

503 4047 715 4143 capellania
744 4047 894 4119 fundata
920 4069 984 4140 por
1009 4045 1192 4138 quondam
1220 4045 1471 4118 Alexandmm
1488 4046 1641 4119 Cullane
1666 4049 1840 4121 rectorem

552 4161 599 4232 de
615 4157 723 4253 Oyne
739 4160 783 4231 ad
802 4159 914 4231 altare
930 4160 1028 4230 beati
1056 4157 1226 4232 Niolrolai
1244 4158 1290 4228 de
1306 4157 1517 4253 Abbirdeyn
1600 4196 1609 4214 ·
1710 4159 1757 4255 vij
1776 4162 1840 4233 tin

501 4269 713 4368 capellania
730 4294 777 4342 ·x·
795 4271 965 4343 libramm
992 4271 1104 4342 annui
1121 4271 1284 4343 redditus
1300 4271 1345 4343 de
1362 4282 1457 4343 term
1473 4274 1518 4343 dc
1536 4271 1739 4344 llureeroft
1756 4300 1838 4347 oum

551 4383 785 4478 pertinencijs
801 4405 866 4478 per
889 4381 1098 4479 magistrum
1117 4382 1369 4456 Alexandmm
1387 4383 1513 4456 Cabell
1530 4385 1575 4457 ad
1592 4384 1706 4458 altare
1730 4384 1838 4459 sanor

553 4495 714 4568 Diuiniei
731 4495 883 4568 fundata
900 4535 908 4552 ·
