4564 5968
422 833 506 928 xa]
889 829 1296 907 aaaunounusa.
1700 843 1767 906 aa

421 1032 517 1102 Item
535 1031 580 1102 ad
609 1027 752 1104 stallum
779 1035 823 1105 de
848 1033 1039 1128 Banohory
1059 1055 1169 1104 vnum
1199 1029 1406 1125 psalterium
1434 1032 1470 1098 in
1498 1029 1650 1099 seeundo
1678 1031 1763 1102 solio

471 1141 751 1242 Compuapz'ruini
768 1189 776 1206 ·

420 1255 515 1325 Item
533 1257 579 1327 ad
603 1253 748 1330 stallum
767 1261 813 1330 de
831 1258 1009 1350 Balheluy
1029 1279 1140 1326 vnum
1166 1251 1458 1343 antiphonarium
1486 1273 1566 1319 euru
1596 1249 1761 1340 psalterio

469 1366 624 1440 seeundo
642 1371 728 1443 solio
744 1371 898 1471 Lepatur
920 1368 987 1465 I’se
1005 1409 1013 1424 ·

420 1479 468 1550 lit
487 1502 597 1552 vnum
614 1484 760 1578 gradale
778 1487 816 1554 in
834 1483 989 1554 seeundo
1008 1479 1095 1548 solio
1113 1473 1242 1546 Letitio
1260 1473 1370 1545 corais
1389 1511 1397 1528 ·

419 1589 513 1663 Item
532 1595 578 1665 ad
595 1591 740 1668 stallum
759 1597 805 1666 de
820 1592 1039 1686 Kyneardyn
1055 1609 1166 1656 vnum
1185 1585 1475 1678 antiphonarium
1491 1609 1571 1654 cum
1591 1585 1758 1676 psalterio

467 1704 624 1777 seeundo
641 1708 728 1778 solio
752 1705 805 1777 Te
821 1705 907 1777 lireio
924 1743 931 1758 ·

417 1816 466 1887 lit
483 1840 595 1889 vnum
608 1818 754 1914 gradale
772 1821 808 1889 in
827 1813 983 1886 seeundo
1003 1812 1089 1882 solio
1107 1809 1221 1907 Apud
1235 1809 1332 1880 deum
1352 1853 1359 1866 ·

417 1929 511 1999 Item
529 1931 575 2002 ad
593 1927 735 2002 stallum
756 1931 801 2000 (le
819 1925 1078 2017 Endernoehty
1094 1945 1203 1993 vnum
1219 1919 1428 2016 psalterium
1449 1924 1484 1992 in
1503 1921 1656 1993 leeumlo
1672 1923 1757 1993 solio

468 2035 619 2114 Domine
635 2041 786 2136 dedffli.

414 2150 510 2225 Item
538 2154 583 2225 ad
613 2152 755 2225 stallum
793 2152 838 2220 rlo
867 2148 974 2218 Ellon
1008 2170 1117 2216 vnum
1150 2149 1376 2240 portiforiuur
1409 2151 1442 2218 iu
1480 2147 1632 2218 sermulo
1670 2149 1755 2219 solio

463 2263 508 2335 In
526 2265 563 2335 in
597 2267 650 2334 ie·

416 2375 508 2447 ltem
529 2399 639 2446 vnum
665 2374 866 2468 gradalem
886 2371 1042 2442 seeundo
1066 2371 1152 2440 solio
1180 2373 1356 2465 incipiens
1382 2382 1507 2442 -rorute
1526 2413 1533 2428 ·
1555 2373 1608 2467 [iu
1628 2374 1754 2442 erulem

463 2487 646 2558 volumine
664 2481 919 2578 proeesliouale
939 2482 967 2576 ·]

413 2599 508 2670 Item
527 2621 637 2668 vuum
656 2594 864 2690 psalterium
883 2597 1058 2688 iucipiens
1076 2597 1112 2664 iu
1132 2593 1289 2665 seeundo
1304 2595 1389 2666 solio
1409 2595 1520 2690 Caput
1538 2622 1641 2666 aurun
1662 2636 1668 2649 ·

412 2709 507 2782 Item
524 2731 632 2781 vuutn
652 2708 872 2778 ordinarium
892 2708 1069 2798 incipiens
1086 2703 1214 2776 Primo
1231 2705 1401 2777 dominica
1419 2749 1426 2762 ·

614 2983 798 3076 incipiunt
818 3003 918 3052 muru
943 3002 982 3051 rx
1001 3000 1183 3050 troarnum
1204 2999 1383 3050 sartura-ro
1403 3003 1519 3052 enom
1541 3036 1547 3049 .

411 3159 455 3228 In
474 3159 597 3251 primis
616 3160 652 3228 in
670 3161 853 3229 communi
881 3182 944 3251 pro
962 3157 1071 3227 olroro
1091 3179 1200 3227 unum
1221 3156 1513 3248 antiphonarium
1545 3181 1606 3250 pro
1636 3162 1754 3250 pueris

460 3267 534 3340 stne
552 3268 720 3363 psalterio
738 3283 777 3340 et
796 3272 922 3363 incipit
941 3271 976 3337 in
999 3267 1156 3339 lheunrlo
1175 3269 1262 3338 solio
1281 3271 1353 3356 Quo
1371 3267 1529 3362 respicit·

412 3381 503 3452 ltem
523 3403 633 3451 vuum
652 3382 943 3474 antiphonarium
963 3405 1008 3450 ex
1029 3381 1124 3450 ‹lono
1143 3381 1279 3450 domiui
1301 3378 1481 3450 ll'illelmi
1501 3381 1618 3474 Skyar
1635 3384 1753 3475 eupol-

460 3495 530 3564 lani
550 3517 615 3587 pro
633 3495 815 3563 communi
834 3493 984 3563 seruicia
1003 3505 1041 3562 et
1060 3494 1188 3584 incipit
1205 3489 1363 3562 seeundo
1382 3491 1469 3561 solio
1488 3495 1558 3580 Qui
1573 3493 1708 3563 clusuris
1727 3537 1734 3550 ·

409 3605 502 3676 Item
522 3607 594 3676 rluo
612 3605 863 3698 antiphonaria
880 3629 924 3674 ex
944 3605 1039 3673 ‹louo
1065 3603 1201 3673 ‹loruiui
1224 3602 1373 3674 llenriti
1401 3603 1552 3696 episcopi
1573 3605 1753 3675 Ahiulou-

457 3713 550 3787 ensis
564 3741 636 3787 uon
655 3718 700 3788 rle
720 3715 781 3786 rsu
801 3713 943 3786 nostro·
960 3717 1116 3807 priruunr
1136 3716 1171 3785 in
1191 3713 1349 3786 seeundo
1364 3714 1449 3784 solio
1467 3713 1670 3810 leprarum·
1687 3761 1694 3774 ·
1714 3733 1749 3788 rt

457 3828 651 3900 secundum
672 3832 706 3899 in
727 3827 883 3899 secundo
901 3826 987 3897 solio
1007 3825 1102 3898 Eece
1118 3824 1230 3896 rrur't·

407 3940 502 4012 Item
521 3963 631 4010 vnurn
650 3940 795 4034 gradale
815 3941 988 4033 incipieus
1006 3934 1215 4009 insecundo
1233 3935 1319 4008 solio
1338 3934 1416 4007 Non
1435 3939 1702 4034 cominabatur·

407 4052 502 4124 Item
521 4075 632 4123 vnum
650 4051 797 4146 gratiale
815 4074 878 4145 pro
897 4051 1030 4121 eililem
1044 4051 1221 4143 iucipiens
1240 4051 1274 4118 in
1296 4047 1451 4119 serundo
1465 4051 1550 4120 solio
1562 4050 1753 4146 sophrona-

454 4163 598 4260 efficium
617 4203 625 4219 ·

406 4277 501 4348 Item
530 4299 641 4346 vnum
668 4277 893 4369 portisorium
927 4299 989 4367 pro
1018 4273 1228 4344 cantoribus
1259 4275 1295 4342 iu
1324 4269 1480 4343 sheunrlo
1512 4275 1596 4344 sulio
1625 4273 1756 4350 Procul

454 4387 609 4460 recedant
626 4428 634 4445 ·

410 4501 501 4573 ltenr
520 4523 591 4570 vna
609 4498 763 4594 legenda
779 4498 981 4572 lirnt'torum
1000 4503 1037 4570 iu
1057 4495 1214 4569 secundo
1232 4494 1318 4566 solio
1337 4497 1400 4566 rid
1415 4497 1689 4591 rrssurouuourru
1708 4541 1716 4555 ·

407 4613 502 4683 ltern
537 4611 608 4682 alia
633 4610 787 4705 legenda
821 4609 1022 4682 l'austorum
1054 4612 1090 4680 in
1122 4607 1281 4680 seeundo
1310 4607 1396 4678 solio
1412 4611 1574 4680 ,terimur
1602 4614 1751 4683 riparium

454 4722 626 4796 horur'uruu
645 4764 654 4780 ·
