4612 5964
536 735 622 830 xa]
1008 741 1416 816 annanormnsn.
1843 753 1888 820 aa

534 934 629 1006 labis
645 934 764 1008 olausa
781 946 906 1010 tenere
923 963 996 1011 non
1014 942 1151 1012 debent
1169 937 1230 1012 sed
1256 941 1375 1032 ymnis
1393 948 1431 1008 ct
1449 942 1599 1011 canticis
1618 939 1698 1012 Deo
1716 942 1887 1014 alacriter

532 1046 790 1120 modulentur·
811 1074 893 1122 cum
920 1054 1054 1124 dicitur
1079 1072 1222 1123 oronte
1247 1049 1368 1120 Panar
1392 1057 1442 1119 etc
1458 1088 1467 1104 ·
1485 1071 1611 1120 omues
1637 1050 1884 1147 consurgant·

533 1179 617 1228 cum
640 1163 849 1234 nominatur
868 1162 1061 1259 gloriosum
1088 1183 1221 1232 nomeu
1249 1159 1338 1230 illud
1362 1158 1385 1228 J
1391 1179 1509 1231 nesus
1533 1198 1541 1215 ·
1566 1163 1603 1232 ia
1628 1164 1725 1234 cuins
1749 1167 1886 1236 nomine

532 1291 630 1342 omae
646 1296 734 1369 peirn
743 1265 901 1368 fleditur
916 1284 965 1346 ela
982 1315 990 1332 ·
1008 1295 1135 1344 omues
1152 1280 1262 1363 caput
1281 1269 1458 1340 inclinent
1476 1311 1484 1327 ·
1503 1271 1598 1343 Item
1619 1296 1727 1344 nemo
1745 1275 1882 1347 ibidem

532 1379 619 1452 dum
643 1385 729 1457 hore
746 1397 940 1458 cantantur
956 1387 992 1454 iu
1012 1382 1196 1456 communi
1220 1379 1365 1472 publice
1388 1381 1486 1476 legat
1504 1381 1560 1454 rel
1585 1384 1683 1456 dicat
1709 1389 1881 1478 priuatim

531 1493 687 1566 officium
702 1520 783 1569 narn
799 1521 871 1568 non
884 1495 997 1566 solum
1012 1489 1222 1583 obsequium
1233 1514 1305 1583 quo
1319 1491 1497 1564 obnoxius
1510 1490 1563 1564 est
1576 1496 1687 1565 clroro
1700 1497 1881 1570 lbbtralrit

530 1601 702 1680 sedulius
727 1607 921 1700 psallentes
945 1602 1161 1696 perturbat·
1180 1601 1310 1672 borum
1335 1613 1458 1674 autem
1486 1603 1755 1699 transgressores
1781 1608 1880 1678 illius

528 1714 616 1788 bore
626 1720 664 1788 in
676 1721 851 1810 quocirca
863 1715 1023 1809 prediblu
1033 1713 1259 1808 necligentes
1269 1715 1460 1785 extiterint
1473 1727 1580 1808 prout
1594 1714 1880 1810 transgressionis

441 1911 444 1922 Δ
527 1829 687 1920 grauitas
704 1831 818 1922 exigit
842 1827 1049 1921 plebteutur
1065 1847 1159 1917 pena
1176 1847 1242 1918 per
1258 1820 1498 1917 presidentem
1516 1828 1553 1897 ia
1572 1829 1734 1920 capitulo
1751 1867 1759 1884 ·
1778 1828 1876 1902 Item

527 1940 624 2030 quod
649 1939 915 2012 ebdomidarius
945 1958 1009 2028 pro
1037 1945 1201 2029 tempore
1228 1937 1399 2008 diaconus
1424 1948 1463 2009 et
1489 1936 1727 2012 subdiaconus
1753 1937 1875 2012 statim
1948 2005 1951 2016 .

525 2047 605 2142 post
620 2049 760 2122 sextam
777 2048 997 2120 conueniant
1015 2047 1052 2118 in
1071 2047 1234 2138 capitulo
1251 2049 1413 2121 iuduturi
1431 2047 1506 2122 sese
1525 2047 1749 2123 vestimentis
1766 2066 1875 2146 prout

525 2162 633 2234 decet
655 2173 694 2232 et
711 2160 807 2253 quod
832 2157 1024 2230 obsernent
1047 2154 1225 2229 sturiones
1247 2180 1313 2250 per
1329 2170 1444 2231 totam
1468 2158 1605 2233 millam
1624 2201 1633 2220 ·
1652 2166 1874 2235 contrarium

524 2275 660 2344 iaciens
685 2274 858 2367 puniatur
883 2273 987 2342 iuxta
1012 2267 1270 2341 discretionem
1294 2279 1332 2340 et
1358 2272 1547 2343 arbitrium
1574 2270 1814 2366 presidentis·
1834 2287 1873 2348 et

524 2385 619 2477 quud
638 2383 758 2455 statim
785 2378 863 2476 pust
888 2379 1024 2452 millam
1051 2379 1328 2452 conuenientia
1346 2382 1454 2451 doato
1478 2385 1667 2475 capitulari
1686 2397 1725 2456 et
1743 2409 1874 2480 repon-

522 2506 587 2567 ant
617 2491 765 2567 boueste
790 2509 828 2566 et
854 2495 1040 2588 placenter
1062 2490 1280 2565 vestimenta
1304 2495 1340 2563 in
1369 2491 1447 2564 laco
1474 2495 1596 2565 debito
1620 2533 1628 2550 ·
1651 2495 1747 2568 Item
1774 2500 1871 2591 quod

523 2627 615 2678 nnus
641 2630 689 2679 ex
710 2606 872 2699 qnalibet
900 2615 1003 2699 parte
1028 2605 1128 2678 ebori
1154 2605 1353 2697 deputetur
1377 2627 1442 2698 pro
1468 2606 1668 2678 deseaibus
1693 2606 1873 2681 conscrib-

521 2717 624 2790 endis
649 2721 686 2789 iu
708 2719 817 2790 choro
843 2718 888 2788 de
913 2715 1122 2788 absentibus
1148 2738 1221 2785 aon
1248 2715 1484 2809 psallentibus
1511 2739 1582 2786 non
1610 2718 1871 2790 inclinantibus

520 2828 580 2899 ael
605 2829 860 2902 recedentibus
885 2838 948 2898 aut
975 2821 1188 2898 desostuosrs
1213 2828 1251 2897 in
1272 2827 1393 2921 aliquo
1419 2829 1660 2921 predittorum
1679 2869 1687 2886 ·
1706 2843 1745 2903 ct
1772 2833 1870 2922 quod

521 2941 557 3008 in
589 2939 738 3010 sabbato
773 2938 1039 3009 clnlomidarius
1073 2938 1292 3030 pronunciet
1321 2949 1359 3010 et
1387 2940 1508 3010 tradat
1539 2941 1575 3010 in
1607 2939 1749 3034 seriptis
1784 2967 1870 3014 con-

519 3047 676 3121 scribens
694 3049 854 3120 defeaus
872 3051 995 3121 maiori
1015 3043 1210 3142 presrdenti
1228 3049 1265 3119 in
1284 3051 1469 3143 capitulo·
1487 3062 1525 3122 et
1543 3052 1639 3142 quod
1658 3053 1870 3126 deficientes

520 3163 718 3254 puniantur
741 3183 805 3253 per
821 3155 1063 3253 presidentem
1089 3156 1223 3251 absque
1241 3159 1415 3232 dllatione
1432 3185 1647 3254 quacunque
1666 3163 1723 3234 rel
1746 3165 1870 3236 remis·

519 3267 618 3343 sione
632 3311 641 3330 ·
656 3271 752 3344 Item
767 3272 860 3362 quod
878 3272 922 3342 ad
941 3271 1008 3342 beu
1028 3268 1166 3366 srngulo
1183 3271 1431 3365 perimpleada
1449 3272 1605 3344 valletur
1622 3276 1868 3346 iuramentum

519 3385 564 3455 ab
583 3386 751 3455 omnibus
769 3380 1055 3454 ministrantibus
1068 3383 1105 3453 ia
1120 3381 1232 3454 clroro
1249 3382 1393 3476 publice
1412 3385 1448 3454 in
1463 3384 1643 3476 capitulo·
1661 3382 1755 3456 Item
1771 3389 1868 3478 quod

519 3494 642 3566 nullus
671 3495 889 3566 admittatur
917 3491 990 3564 sinc
1020 3495 1226 3564 iuramento
1260 3494 1421 3587 preditto
1448 3495 1491 3564 ad
1524 3491 1798 3568 ministrandum
1831 3501 1867 3570 in

517 3603 666 3680 ecclelia
683 3603 932 3678 Abcrdonensr
951 3645 959 3662 ·
980 3604 1076 3676 Item
1094 3603 1190 3697 quod
1213 3603 1336 3676 nullus
1361 3607 1555 3678 canonicus
1580 3609 1730 3699 recipiat
1749 3610 1870 3702 capel-

517 3719 640 3789 lanum
661 3717 720 3790 seu
740 3715 935 3789 stallarium
954 3715 1058 3788 suum
1083 3713 1409 3810 perambulandum
1428 3714 1547 3788 secum
1567 3716 1660 3788 vltra
1676 3722 1868 3791 canoniam

517 3829 575 3901 rel
602 3830 697 3900 iusra
722 3841 887 3921 tempore
911 3828 999 3900 bore
1022 3831 1060 3900 in
1078 3849 1149 3920 qua
1166 3826 1279 3898 debet
1303 3825 1469 3898 iuteresse
1486 3867 1495 3883 ·
1514 3826 1610 3898 Item
1629 3831 1725 3920 qnod
1752 3827 1780 3901 si
1803 3831 1870 3903 uli·

515 3945 596 4036 quis
619 3963 811 4036 puerorum
829 3963 912 4012 cunr
930 3961 1160 4033 quocumque
1177 3938 1352 4010 canonico
1370 3937 1427 4008 rel
1444 3937 1515 4009 alio
1533 3950 1697 4033 tempore
1724 3941 1812 4013 lrore
1829 3945 1868 4014 iu

515 4076 587 4146 qua
610 4049 776 4124 interell'e
804 4062 951 4124 tenetur
972 4049 1101 4124 absens
1118 4049 1229 4121 suerit
1254 4049 1371 4142 primo
1389 4047 1637 4142 disciplinetur
1653 4065 1692 4122 ct
1709 4051 1869 4126 secundo

514 4189 556 4238 ao
582 4165 693 4236 tertio
719 4162 959 4256 expellatur·
986 4173 1025 4236 ct
1052 4158 1078 4233 sr
1105 4160 1332 4254 necligeuter
1361 4158 1666 4234 adnrinislrauerit
1693 4166 1730 4234 in
1757 4166 1868 4238 clroro

514 4272 764 4370 disciplinetur
788 4286 895 4367 prout
922 4274 1028 4346 decet
1049 4313 1059 4332 ·
1081 4269 1179 4344 Item
1205 4272 1302 4366 quod
1328 4273 1423 4344 circa
1447 4269 1578 4344 festum
1603 4277 1868 4367 purificationis

513 4388 719 4481 proximum
738 4385 795 4456 vel
822 4387 914 4456 insta
938 4387 1021 4455 osto
1038 4383 1115 4456 dieo
1136 4382 1330 4476 sequentes
1352 4382 1485 4476 absque
1503 4384 1664 4457 citeriori
1691 4387 1869 4462 diIatione

513 4501 579 4571 liat
611 4497 803 4570 conduttio
837 4499 999 4567 omnium
1031 4495 1246 4568 vicariorum
1280 4493 1548 4588 capellanorum
1578 4508 1617 4567 et
1651 4496 1866 4572 clerioorunr

359 4624 363 4632 '
437 4667 462 4677 .,
514 4611 612 4683 ebori
632 4620 671 4681 et
687 4608 782 4701 quod
804 4607 956 4700 quilibet
982 4604 1185 4680 condustus
1208 4605 1272 4678 dot
1299 4603 1527 4678 securitatem
1547 4608 1593 4679 de
1610 4603 1800 4682 residendo
1827 4627 1864 4686 ct
