4564 5968
489 697 557 766 160
1005 689 1310 762 REGISTRUM
1669 695 1821 790 [secum

491 895 584 964 ricus
603 893 733 986 llynde
750 888 988 964 thesaurarius
1005 886 1162 959 contulit
1179 908 1290 956 vuum
1304 886 1446 957 calicem
1460 904 1671 980 argenteum
1691 895 1821 986 partim

491 1007 705 1078 deauratum
724 1047 732 1064 ·
753 1003 786 1074 a
804 1003 900 1075 Item
916 1022 1026 1073 vnum
1040 997 1188 1070 calicem
1206 1012 1413 1092 argenteum
1427 1021 1490 1090 per
1501 999 1684 1076 dominum
1698 1004 1821 1098 Inger·

489 1141 611 1190 amum
629 1115 833 1212 episcopum
851 1125 1034 1210 portatum
1051 1111 1098 1182 de
1114 1109 1254 1203 capella
1269 1110 1315 1180 de
1329 1109 1427 1180 Rana
1440 1151 1448 1166 ·
1461 1109 1495 1178 (l
1506 1109 1601 1182 Item
1614 1136 1724 1186 mum
1738 1116 1822 1187 cali·

490 1253 568 1301 cem
583 1231 795 1302 deauratum
810 1251 856 1299 ex
870 1229 964 1299 douo
978 1225 1115 1295 domiui
1134 1220 1289 1294 Walteri
1307 1219 1433 1316 Ogilvy
1445 1243 1507 1314 pro
1521 1221 1624 1294 altari
1636 1223 1746 1300 sanai
1756 1228 1820 1299 Io-

491 1341 619 1414 hannis
636 1339 800 1412 Alliam
817 1361 908 1411 vnua
920 1336 1014 1410 calix
1026 1347 1220 1431 argenteus
1230 1356 1293 1428 pro
1306 1333 1407 1404 altari
1418 1333 1512 1404 beati
1526 1333 1703 1431 Machorij
1714 1341 1820 1411 datus

492 1477 555 1546 per
582 1455 771 1524 (lominum
800 1449 995 1522 Ricardum
1014 1446 1156 1519 Forbcs
1164 1446 1340 1519 decanum
1357 1443 1639 1516 Abirdoueul'em
1668 1486 1678 1505 ·
1704 1449 1754 1522 Et
1770 1447 1818 1525 sic

490 1569 527 1636 in
542 1577 620 1636 toto
634 1562 718 1635 suat
736 1563 950 1654 quiadecem
969 1558 1099 1630 calices
1116 1568 1155 1629 et
1171 1558 1352 1630 tredecem
1369 1565 1496 1650 patene
1513 1596 1521 1613 ·
1542 1554 1575 1625 ΙΙ
1593 1556 1689 1629 Item
1709 1583 1819 1634 vnum

488 1676 702 1748 crucifixum
720 1682 932 1764 argenteum
951 1669 1164 1740 deauratum
1182 1692 1265 1740 cum
1282 1691 1409 1764 magno
1437 1669 1553 1762 pede·
1575 1667 1609 1738 (I
1626 1668 1722 1742 Item
1740 1697 1820 1746 wna
1935 1753 1939 1764 ,

488 1810 576 1858 crux
596 1788 717 1876 inqua
733 1779 787 1854 est
804 1805 884 1874 pars
902 1780 989 1873 ligni
1008 1780 1177 1850 dominici
1189 1780 1234 1850 de
1247 1791 1418 1874 argento·
1438 1779 1472 1849 o
1489 1779 1584 1852 Item
1597 1805 1667 1854 vua
1679 1807 1767 1856 crux
1782 1789 1817 1858 iu

487 1923 558 1990 qua
588 1889 640 1966 est
668 1917 748 1986 pars
777 1891 864 1987 ligni
895 1889 1006 1960 senui
1034 1888 1188 1960 Audree
1213 1891 1259 1961 de
1284 1905 1429 1987 argento
1453 1896 1624 1965 deaurato
1649 1920 1696 1967 ex
1724 1898 1818 1968 dono

487 2010 623 2080 ‹lomini
638 2004 794 2077 Gilberti
808 1998 961 2096 episcopi
979 2037 987 2054 ·
1006 1998 1042 2069 (l
1059 1999 1156 2072 Item
1169 2023 1237 2072 vna
1253 2025 1342 2072 crux
1355 2027 1433 2074 cum
1452 2025 1561 2099 paruo
1575 2007 1667 2101 pede
1683 2024 1723 2081 et
1739 2035 1819 2082 cru·

486 2121 594 2192 cilixo
611 2119 657 2187 de
674 2125 825 2210 argento
842 2113 1014 2184 deaurato
1031 2133 1113 2180 cum
1126 2124 1280 2202 quatuor
1289 2117 1509 2206 ymaginibus
1535 2118 1716 2192 deauratis
1733 2116 1818 2195 litu·

486 2246 546 2304 ata
561 2231 664 2322 lupcr
677 2225 803 2298 curillo
823 2269 831 2283 ·
850 2221 884 2293 o
904 2222 999 2293 ltem
1013 2245 1082 2292 vna
1098 2244 1187 2293 crux
1200 2223 1245 2293 de
1258 2238 1405 2318 argento
1415 2228 1585 2298 deaurato
1603 2254 1685 2302 cum
1704 2235 1818 2305 tribus

488 2343 665 2437 lapidibus
679 2339 775 2434 ligno
790 2339 946 2430 coopert’
964 2376 972 2392 ·
993 2332 1026 2402 a
1045 2331 1141 2404 Item
1155 2357 1299 2406 crucem
1317 2336 1361 2406 dc
1378 2339 1548 2409 auricalco
1567 2380 1575 2394 ·
1595 2337 1629 2409 o
1647 2341 1743 2414 Item
1768 2369 1815 2418 ex

485 2459 580 2528 ‹lono
606 2450 765 2548 magistri
778 2448 927 2520 lleurici
951 2445 1076 2539 Ilervy
1094 2447 1250 2518 cantoris
1266 2443 1528 2520 Aberdoaenlis
1547 2472 1637 2522 vaus
1662 2456 1817 2528 auuulus

483 2589 613 2640 aureus
643 2585 725 2635 cum
756 2586 778 2633 a
806 2583 895 2653 grau
922 2553 1022 2629 stoue
1048 2598 1056 2615 ·
1087 2555 1182 2628 Item
1215 2581 1262 2628 ex
1296 2557 1390 2628 dono
1412 2557 1570 2632 eiusdem
1596 2585 1706 2634 vnum
1742 2589 1817 2636 mo-

484 2681 557 2751 nile
574 2699 725 2750 aureum
743 2697 826 2744 cum
840 2672 955 2743 tribus
981 2671 1101 2742 rubeis
1118 2680 1157 2740 et
1183 2669 1297 2741 tribua
1323 2670 1439 2762 peirlis
1463 2712 1471 2727 ·
1491 2673 1523 2740 r:
1544 2672 1638 2744 ltem
1657 2699 1703 2746 cx
1722 2677 1815 2748 dono

483 2790 642 2864 eiusdem
661 2810 753 2860 vnue
770 2784 937 2858 auriellus
954 2795 1148 2877 argenteus
1166 2803 1248 2852 cum
1275 2805 1402 2878 magno
1424 2785 1541 2878 capite
1559 2788 1594 2855 in
1613 2811 1685 2878 quo
1701 2794 1816 2862 conti·

484 2916 592 2974 uetur
617 2897 809 2972 crucifixus
828 2895 947 2967 Marie
964 2905 1003 2964 et
1019 2892 1197 2964 Iohannis
1215 2934 1222 2948 ·
1243 2890 1277 2962 o
1294 2891 1389 2964 Item
1405 2895 1584 2967 brachium
1603 2914 1813 2994 argenteum

481 3016 591 3086 lancti
608 3011 638 3082 F
639 3006 769 3106 orgulij
787 3030 871 3078 cum
889 3002 1020 3077 ollibus
1037 3003 1195 3076 eiul'dem
1215 3046 1223 3062 ·
1244 3003 1277 3072 G
1296 3003 1389 3075 ltem
1406 3029 1473 3078 vna
1489 3009 1582 3100 pixis
1599 3009 1645 3080 ‹lc
1661 3009 1815 3084 cristallo

482 3150 565 3198 cum
582 3123 673 3220 pedo
690 3121 831 3216 argenti
850 3119 1011 3189 deaurati
1030 3139 1113 3188 cum
1137 3113 1285 3188 ‹liuerlis
1303 3116 1482 3209 reliquijs·
1503 3117 1536 3186 Ε
1555 3117 1649 3191 Item
1672 3121 1707 3192 lc
1730 3127 1814 3220 culp

481 3263 546 3334 pro
559 3229 751 3308 eukaristia
768 3233 814 3302 ‹lc
831 3241 981 3322 argento
999 3230 1171 3300 dcaumto
1190 3226 1243 3296 .u
1263 3226 1358 3299 ltcar
1376 3229 1442 3299 duc
1460 3230 1565 3301 tlrcco
1576 3233 1621 3302 dc
1638 3237 1814 3310 auricalco

481 3376 545 3446 pro
563 3340 986 3440 rcquuiJsconl'cruandis
1002 3363 1154 3433 quarum
1173 3363 1241 3412 vua
1260 3339 1369 3411 lralret
1382 3338 1436 3411 liu·
1455 3345 1639 3436 sartagines
1652 3369 1697 3416 cx
1712 3365 1813 3440 parto

482 3461 602 3534 clausa
619 3473 658 3531 ct
676 3479 787 3530 vnum
805 3455 920 3526 altaro
938 3475 1020 3524 cum
1044 3453 1155 3524 calicc
1173 3454 1313 3546 depicto
1332 3451 1430 3545 l'upm
1445 3453 1557 3524 altare
1575 3456 1756 3549 depictum
1775 3465 1811 3533 in

480 3600 551 3668 qua
568 3573 803 3644 continentur
819 3561 888 3636 olla
906 3563 1024 3636 lauttc
1044 3564 1159 3635 Eleae
1177 3561 1333 3634 Katrioc
1359 3577 1395 3634 et
1411 3563 1529 3637 lancie
1547 3565 1756 3662 Margarete
1773 3588 1809 3644 ct

482 3687 595 3758 l'l’ouc
607 3682 889 3778 patriarcharum
900 3675 1053 3748 ctsantti
1066 3673 1396 3746 natinaei-ultan
1407 3676 1440 3745 ia
1452 3675 1522 3748 alia
1532 3678 1810 3756 tlrecavidclicct

479 3801 524 3870 «lc
537 3793 760 3869 vestimentis
773 3793 879 3862 beate
892 3791 1049 3886 wirgiuia
1061 3787 1181 3860 Maria
1193 3799 1232 3857 ct
1244 3786 1290 3857 de
1301 3786 1457 3879 pluribus
1469 3787 1548 3881 alija
1559 3789 1730 3864 videlicet
1739 3793 1810 3868 olla

481 3911 579 3982 l’ctri
606 3920 644 3978 et
662 3903 767 3978 Pauli
785 3913 824 3974 ct
841 3902 947 3972 beato
971 3899 1120 3996 Brigirle
1137 3900 1182 3969 ‹lo
1200 3898 1357 3969 criuibus
1374 3899 1464 3970 lreati
1491 3899 1671 3973 Edmumli
1695 3907 1810 3978 archi·

476 4020 631 4117 episcopi
650 4059 658 4076 ·
684 4015 718 4088 (l
736 4013 831 4087 Item
858 4035 969 4084 vnum
988 4011 1108 4105 Jocale
1134 4007 1326 4082 eukaristie
1344 4010 1389 4081 de
1404 4023 1551 4106 argento
1568 4013 1740 4088 deaurato
1762 4021 1806 4090 ad

476 4135 624 4206 modum
652 4124 756 4202 castri
783 4149 867 4198 cum
893 4122 1069 4195 lobarillo
1092 4122 1217 4194 clatum
1244 4145 1307 4216 per
1331 4122 1510 4194 domiuum
1530 4122 1733 4198 llonricum
1761 4132 1807 4202 «le

479 4246 646 4340 tychton
677 4235 881 4334 episcopum
909 4233 1205 4307 Abcrdouenl'em
1234 4235 1269 4304 in
1298 4235 1398 4305 cuiua
1422 4232 1627 4308 summitate
1660 4244 1807 4332 ponitur

469 4356 589 4450 jocale
606 4373 755 4426 aureum
768 4371 851 4420 cum
864 4349 1031 4444 ymagine
1041 4348 1188 4440 pietatis
1199 4345 1324 4418 datum
1336 4368 1398 4440 per
1406 4347 1588 4419 domiuum
1599 4349 1803 4426 Iohannem

476 4469 505 4542 F
508 4465 620 4542 rostar
635 4466 681 4538 de
698 4456 908 4559 Cyrstorlyn
924 4497 932 4515 ·
951 4457 985 4530 (l
1005 4457 1100 4531 Item
1112 4481 1203 4532 mua
1215 4457 1370 4530 aouulus
1384 4471 1573 4554 argenteus
1586 4485 1668 4534 eum
1687 4462 1804 4560 lapide

475 4584 521 4655 do
532 4578 725 4674 columpna
738 4576 844 4647 datus
857 4595 921 4667 per
935 4569 972 4644 N
976 4570 1155 4646 lclrolaum
1169 4566 1300 4644 Lesur·
1319 4567 1352 4639 ί
1372 4569 1459 4644 ltcm
1473 4595 1563 4644 vaus
1575 4575 1730 4648 annulus
1742 4603 1803 4650 au-
