4526 5954
492 687 563 754 πο
1008 679 1317 756 nectareum
1671 689 1826 786 [socom

544 876 643 952 Item
673 904 779 954 vnam
807 876 1078 954 monstrantiam
1108 879 1318 954 deauratam
1345 905 1389 954 ex
1414 893 1565 978 argento
1593 889 1733 979 optimo
1763 911 1828 982 pro

495 987 657 1066 custodia
672 994 886 1068 venerabilis
903 991 1116 1066 sacramenti
1132 993 1301 1086 ponderIe
1321 993 1338 1090 [
1484 990 1502 1086 ]
1519 1037 1527 1054 ·

546 1102 644 1178 Item
661 1106 733 1178 duo
750 1105 962 1180 candelabra
986 1111 1158 1200 argentea
1182 1105 1222 1176 in
1247 1115 1352 1200 parte
1377 1107 1545 1179 dmumta
1569 1109 1739 1200 ponderis
1764 1114 1828 1206 xiij

496 1239 698 1290 marcarum
714 1219 762 1313 rij
780 1219 964 1292 vnciarum
981 1218 1068 1311 xviij
1086 1213 1384 1313 esterlingorum·

547 1327 646 1402 Item
662 1352 725 1403 vae
740 1353 834 1423 aque
858 1329 1046 1402 benedi&
1062 1351 1146 1401 cum
1163 1326 1355 1424 aspersorio
1377 1339 1586 1426 argenteum
1613 1328 1828 1406 deauratum

496 1440 665 1534 ponderis
682 1441 733 1534 xij
750 1461 949 1512 marcarum
967 1462 991 1510 v
1007 1435 1278 1536 esterlingorum
1295 1479 1304 1500 ·

548 1549 644 1625 Item
663 1551 751 1623 duaa
774 1548 914 1643 phialae
938 1561 1128 1646 argenteae
1144 1553 1312 1646 ponderis
1340 1554 1364 1647 ij
1392 1575 1588 1626 marcarum
1609 1553 1626 1646 j
1655 1556 1760 1627 vnoie
1777 1556 1829 1649 iiij

464 1701 467 1708 .
497 1660 797 1756 osterlingorum·

548 1773 645 1846 Item
662 1773 732 1844 tnta
749 1770 897 1842 monilia
912 1767 973 1842 seu
990 1771 1185 1864 pettoralia
1201 1795 1392 1868 capparum
1406 1777 1575 1870 ponderis
1594 1777 1611 1874 [
1765 1777 1806 1874 ]·

548 1884 646 1957 Item
662 1885 799 1978 virgam
816 1881 950 1953 bedelli
967 1891 1175 1978 argenteam
1192 1884 1361 1977 ponderis
1377 1886 1394 1981 [
1544 1885 1587 1981 ]·

547 1995 645 2068 Item
655 1992 882 2089 euangelium
897 1994 933 2063 in
948 1989 1133 2087 superlicio
1146 2002 1358 2090 argenteum
1369 2020 1448 2069 cunr
1461 1999 1619 2095 imagine
1629 1998 1832 2076 Saluatorie

498 2103 607 2180 nostri
631 2103 714 2180 Iesu
739 2101 869 2176 Christi
897 2117 936 2176 et
960 2101 1133 2178 clausaria
1158 2148 1167 2167 ·
1193 2105 1240 2178 ad
1265 2107 1487 2204 euangelium
1514 2108 1586 2182 Dei
1607 2113 1830 2186 cantandum

498 2217 697 2316 ponderie[
848 2213 893 2310 ]·

548 2331 646 2404 Item
671 2327 975 2403 conseruatorium
1001 2328 1158 2400 ferreum
1185 2329 1371 2424 eleganter
1393 2331 1542 2406 incisum
1558 2356 1623 2429 pro
1644 2335 1833 2410 conserua·

498 2446 598 2518 tione
631 2451 671 2515 et
704 2437 866 2516 custodia
898 2443 1059 2513 omnium
1094 2441 1315 2534 prefatorum
1343 2444 1505 2518 iocalium
1535 2444 1752 2542 Antwerpie
1781 2450 1832 2523 ibi

496 2553 604 2650 supra
618 2553 752 2627 netum
770 2593 779 2612 ·

547 2665 646 2740 Item
663 2687 775 2738 vnum
793 2665 1048 2740 candelabrum
1067 2687 1200 2738 eneam
1216 2659 1353 2758 pensile
1368 2668 1403 2738 in
1420 2669 1527 2740 cboro
1545 2690 1664 2740 coram
1684 2693 1833 2746 venera·

472 2779 565 2852 'bili
583 2777 833 2852 sacramento·

548 2888 645 2964 Item
663 2889 754 2962 duaa
770 2888 954 2984 elegantes
970 2887 1146 2983 ampullae
1162 2910 1226 2982 pro
1244 2884 1404 2960 crismate
1427 2900 1466 2960 et
1490 2889 1572 2962 oleo
1598 2887 1719 2964 sansto
1743 2917 1833 2988 pon·

497 3004 593 3076 deria
609 3001 684 3095 xvij
703 3000 916 3092 mciammj
934 2995 1117 3095 esterlingi
1133 3036 1143 3055 ·

549 3113 646 3186 Item
663 3108 815 3184 similem
833 3108 1027 3204 ampullam
1053 3133 1120 3206 pro
1144 3109 1226 3182 oleo
1252 3110 1467 3184 intirmorum
1485 3135 1569 3185 cum
1596 3110 1745 3211 lingulis
1759 3116 1833 3189 suia

498 3223 707 3301 custodibus
723 3223 1005 3320 congruentibus
1022 3223 1084 3317 viij
1102 3223 1287 3296 motarum
1307 3261 1316 3280 ·

549 3337 646 3410 Item
663 3335 857 3431 imaginem
883 3329 993 3428 moysi
1019 3355 1146 3406 eneam
1173 3357 1257 3406 oum
1284 3333 1403 3407 tabula
1426 3335 1552 3409 decem
1577 3354 1831 3435 preceptorum

500 3448 571 3523 Dei
585 3469 657 3520 vna
672 3468 756 3519 cum
773 3445 938 3540 lampade
955 3467 1046 3518 enee
1062 3445 1216 3518 decente
1232 3445 1278 3518 ad
1297 3444 1393 3518 vsurn
1408 3444 1507 3519 chori
1525 3459 1566 3521 et
1579 3449 1722 3523 vasculo
1738 3474 1832 3524 enco

498 3585 564 3657 pro
580 3581 674 3654 aqua
690 3557 876 3631 benedicta
893 3595 902 3614 ·

549 3671 647 3746 Item
675 3681 749 3742 tree
775 3691 904 3764 cappae
939 3691 1044 3740 rnam
1083 3663 1239 3742 casulam
1266 3668 1367 3740 binae
1391 3671 1581 3744 tunicellae
1608 3685 1648 3746 et
1674 3677 1830 3750 totidem

498 3781 710 3858 dalmaticae
726 3803 773 3854 ex
788 3777 877 3854 auro
894 3781 1014 3853 textili
1027 3775 1184 3876 precioso
1201 3801 1285 3852 cum
1298 3782 1487 3855 earundem
1500 3785 1625 3878 orarija
1636 3789 1832 3884 manipulis

498 3895 593 3970 albia
608 3895 708 3966 aonia
724 3901 764 3966 et
779 3891 859 3998 alnije
875 3893 1137 3966 decoramentia
1152 3931 1162 3950 ·

550 4005 646 4080 Item
661 4027 708 4078 ex
721 4001 849 4076 eodem
862 4025 950 4076 auro
964 4003 1085 4076 textili
1099 4016 1257 4098 quatuor
1267 4002 1465 4100 puluinaria
1475 4006 1522 4081 etl
1534 4006 1830 4086 decoramentum

499 4120 646 4194 maioria
671 4114 796 4190 altaria
822 4136 893 4188 vna
917 4139 1000 4188 cum
1030 4111 1178 4190 custode
1208 4115 1441 4212 corporalium
1468 4131 1508 4192 et
1532 4119 1733 4196 sandalium
1766 4147 1831 4220 pro

498 4227 671 4330 pontifice
686 4225 818 4322 quibua
832 4225 1026 4300 honorilice
1041 4237 1280 4324 preparatur·

550 4339 648 4414 Item
660 4362 725 4435 pro
737 4337 958 4412 indumentis
970 4340 1151 4433 pontificia
1164 4339 1386 4436 temporibne
1395 4343 1645 4439 prIncipalium
1657 4345 1829 4424 festorum
1938 4427 1953 4452 ‚

500 4452 719 4530 celebrantia
734 4447 944 4524 tunicellam
961 4459 1001 4522 et
1017 4450 1246 4525 dalmaticam
1264 4474 1312 4526 ex
1329 4449 1411 4526 bille
1434 4453 1628 4532 dammatie
1649 4485 1735 4535 curn
1752 4485 1832 4558 pre-

499 4563 720 4664 par-amentia
735 4559 867 4636 eisdem
884 4563 1186 4637 conuenientibue
1201 4604 1212 4624 ·
