4546 5922
481 715 709 814 arrasum]
956 726 1363 804 ABERDONENSE.
1761 739 1834 814 317

481 1043 539 1115 Dc
556 1045 725 1144 magistm
741 1051 911 1127 Johanne
929 1051 1109 1128 Watsoun
1128 1051 1336 1148 recipiendo
1353 1056 1389 1126 in
1408 1055 1642 1127 canonicum·

481 1247 548 1343 W
548 1273 707 1350 illelmus
736 1278 862 1351 diuina
894 1274 1124 1350 miseratione
1158 1273 1429 1349 Aberdonensrs
1458 1278 1642 1373 episcopus
1680 1281 1824 1354 rniucr·

476 1384 541 1459 suli
559 1385 690 1462 clerico
707 1398 747 1462 et
763 1389 900 1483 populo
917 1411 983 1482 per
999 1383 1156 1458 nostram
1175 1383 1447 1461 vniuersltatcm
1464 1402 1503 1462 et
1520 1386 1687 1463 diocesrm
1706 1390 1823 1465 Aber-

479 1497 672 1573 donensem
689 1498 893 1594 specialiter
909 1492 1118 1570 constitutis
1136 1491 1289 1570 salutem
1307 1522 1390 1572 cum
1408 1501 1659 1575 benedittione
1676 1503 1821 1577 diuina·

477 1611 647 1685 Saluator
663 1609 785 1684 noster
800 1611 905 1683 cuius
930 1609 1037 1680 nutui
1056 1607 1186 1680 cuut'ta
1208 1605 1371 1684 seruiunt
1396 1613 1434 1686 in
1460 1637 1545 1710 agro
1561 1615 1687 1686 mundi
1713 1615 1820 1686 huius

475 1723 621 1799 messem
634 1724 789 1796 multam
801 1717 977 1815 aspiciens
991 1729 1031 1792 ct
1043 1722 1287 1815 operariorum
1301 1726 1488 1798 raritatem
1498 1727 1692 1799 attendens
1706 1727 1820 1799 domi·

474 1833 694 1911 num'meisrs
710 1833 910 1929 rogandum
929 1827 1000 1904 csse
1018 1833 1135 1905 voluit
1153 1843 1193 1906 vt
1208 1835 1246 1906 in
1273 1835 1373 1909 illam
1391 1839 1569 1931 operarios
1585 1839 1751 1912 mitteret
1768 1838 1819 1912 Et

473 1954 570 2024 idem
581 1972 688 2021 mane
701 1947 828 2019 exiens
839 1944 955 2017 veluti
969 1944 1124 2041 diligens
1138 1947 1396 2040 paterfamilias
1408 1950 1504 2022 horis
1517 1949 1587 2022 diei
1599 1953 1705 2023 variis
1716 1974 1819 2045 oper·

468 2065 563 2137 'arios
588 2065 627 2134 in
644 2061 788 2131 vineam
815 2053 915 2130 suam
939 2053 1038 2129 misit
1063 2095 1074 2114 ·
1100 2055 1161 2130 Ita
1185 2068 1224 2130 ct
1248 2083 1315 2132 nos
1340 2083 1544 2155 quanquam
1571 2063 1708 2158 indigni
1735 2063 1815 2154 (nili

471 2183 647 2269 quantum
661 2173 821 2243 bumana
833 2170 1010 2266 fragilitas
1024 2164 1121 2266 linit)
1138 2170 1196 2242 rbi
1209 2167 1516 2265 superexcrescere
1533 2171 1677 2247 messem
1691 2174 1814 2270 populi

470 2289 664 2360 viderimus
681 2285 786 2356 iuxta
811 2281 1065 2376 propheticum
1082 2281 1233 2353 verbum
1251 2306 1384 2379 augere
1407 2287 1585 2380 operarios
1602 2296 1640 2358 et
1657 2287 1815 2360 cultores

469 2402 617 2473 idoneos
646 2399 685 2470 in
715 2396 935 2467 dominicam
962 2394 1106 2466 vincam
1136 2389 1316 2468 destinare
1346 2408 1385 2469 et
1419 2420 1609 2492 procurare
1636 2399 1813 2472 debemus

399 2557 404 2569 ·
468 2536 541 2587 non
569 2509 684 2583 solum
714 2507 940 2582 adverbum
969 2506 1027 2578 dei
1058 2501 1187 2576 nostris
1214 2501 1366 2579 subditis
1391 2506 1649 2603 propalandum
1680 2507 1741 2582 sed
1772 2523 1812 2581 ct

466 2627 646 2700 hereticos
663 2630 702 2695 et
719 2619 917 2694 eorundem
936 2613 1111 2691 versutias
1128 2615 1421 2690 confundendum
1436 2620 1497 2711 qui
1515 2621 1551 2691 in
1571 2622 1675 2692 terris
1692 2618 1812 2694 nostre

468 2734 703 2812 iurisdictioni
719 2731 889 2806 subiectis
907 2729 1019 2823 (quod
1039 2730 1207 2802 dolenter
1222 2730 1425 2824 referimus)
1443 2730 1637 2824 plurimum
1658 2733 1783 2828 rigent
1805 2773 1814 2789 ·

465 2850 525 2923 Ac
542 2852 640 2921 inter
655 2847 726 2920 alia
745 2868 817 2939 que
838 2844 885 2916 ad
903 2839 1057 2916 salutem
1084 2838 1246 2935 spedant
1272 2841 1396 2936 populi
1427 2840 1607 2938 christianj
1634 2845 1807 2939 pabulum

465 2963 565 3035 verbi
593 2962 652 3033 dei
678 2959 838 3031 maxime
866 2951 1027 3028 noscitur
1056 2953 1126 3028 eisc
1152 2951 1384 3027 necessarium
1411 2995 1419 3012 ·
1447 2957 1530 3049 quia
1562 2951 1652 3029 srcut
1678 2981 1808 3053 corpus

464 3059 642 3149 materiali
660 3067 709 3144 sic
726 3071 848 3142 anima
863 3064 1038 3162 spirituali
1065 3069 1147 3140 cibo
1171 3069 1333 3139 nutritur
1349 3089 1393 3140 co
1418 3069 1513 3161 quod
1530 3091 1602 3141 non
1618 3067 1693 3142 solo
1714 3095 1808 3165 pauc

464 3190 556 3262 uiuit
585 3187 693 3258 homo
723 3181 848 3254 sedin
875 3181 975 3252 omni
1001 3181 1114 3252 verbo
1138 3179 1233 3274 quod
1263 3179 1427 3273 procedit
1452 3180 1497 3252 de
1513 3203 1575 3253 ore
1592 3181 1649 3253 dei
1667 3219 1677 3238 ·
1696 3182 1807 3256 lee

462 3316 500 3374 ct
534 3298 618 3394 sepe
652 3295 833 3389 contingit
871 3293 967 3386 qnod
997 3313 1064 3363 nos
1099 3291 1161 3384 qui
1196 3289 1441 3385 episcopatum
1474 3291 1632 3387 gerimus
1658 3306 1807 3388 propter

462 3415 576 3488 varias
594 3421 632 3482 et
650 3405 872 3502 multiplices
900 3404 1157 3498 occupationes
1186 3413 1225 3474 ct
1249 3423 1353 3475 curas
1378 3410 1418 3474 et
1451 3403 1632 3476 interdum
1658 3402 1805 3478 hostiles

461 3521 622 3600 incursus
638 3544 703 3617 per
715 3514 885 3613 nosipsos
896 3515 1048 3588 uerbum
1061 3515 1119 3587 dei
1132 3511 1279 3610 lingulis
1295 3514 1472 3608 parochijs
1483 3516 1521 3585 in
1533 3511 1652 3587 nostra
1663 3516 1803 3589 diocese

459 3639 643 3736 predicare
661 3657 733 3706 non
760 3624 939 3725 possemus
969 3628 1007 3700 in
1031 3623 1193 3698 nostmm
1219 3620 1413 3698 subsidium
1431 3626 1475 3698 ad
1501 3622 1618 3700 sande
1642 3630 1804 3722 predica·

458 3751 568 3825 tionis
585 3747 743 3820 officium
757 3741 949 3816 sulubriter
961 3739 1217 3834 exequendum
1227 3738 1323 3810 viros
1335 3737 1483 3812 idoneos
1493 3734 1666 3813 assumere
1680 3741 1803 3815 decre·

457 3865 577 3937 nimus
595 3860 656 3955 qui
673 3857 820 3954 plebem
849 3853 952 3925 nobis
981 3847 1163 3925 comissam
1186 3853 1265 3923 rice
1291 3847 1412 3924 nostra
1436 3852 1545 3924 verbo
1574 3853 1632 3926 dei
1658 3853 1802 3928 odilien-

455 3985 538 4051 rent
551 3983 590 4046 ct
607 3968 777 4065 exemplo
795 3990 869 4040 non
886 3962 1001 4037 solum
1019 3965 1056 4038 in
1074 3963 1331 4059 predicationis
1347 3963 1463 4036 cilicio
1480 3960 1540 4037 scd
1558 3965 1594 4036 in
1612 3966 1800 4038 audiendis

456 4081 733 4163 confessionibus
760 4090 801 4153 et
824 4077 1039 4174 penitentiis
1061 4074 1291 4172 iniungendis
1308 4085 1348 4148 et
1373 4077 1589 4170 ceterisque
1615 4078 1799 4172 pertinent

454 4189 500 4273 ad
516 4195 670 4271 salutem
686 4193 890 4265 animarum
907 4226 916 4246 ·
934 4186 1086 4284 Insuper
1101 4185 1335 4261 conciliorum
1352 4186 1574 4283 generalium
1592 4187 1794 4264 sanctorum

453 4319 598 4408 patrum
615 4330 638 4380 a
653 4302 929 4400 quampluribus
946 4303 1051 4374 annis
1075 4325 1118 4374 ac
1144 4295 1441 4394 inpresentiarum
1459 4299 1601 4396 concilij
1617 4301 1797 4398 generalis

451 4419 656 4496 Tridentini
680 4437 825 4490 necnon
855 4409 967 4488 nostri
996 4412 1229 4509 prouincialis
1263 4409 1404 4508 concilij
1434 4413 1580 4486 decreto
1613 4425 1652 4487 ct
1677 4416 1797 4489 deter-

452 4534 652 4610 minatione
681 4529 861 4604 maiorum
886 4527 1002 4601 totius
1028 4527 1131 4626 regni
1155 4521 1335 4599 sancitum
1356 4521 1410 4598 est
1436 4533 1476 4596 rt
1503 4525 1539 4597 in
1558 4525 1719 4623 qualibet
1737 4551 1795 4604 cc·
