4590 5954
484 714 593 809 xnn]
958 718 1358 794 ABERDONENSE.
1780 733 1824 800 31

481 909 621 985 destina
650 938 793 1010 quoque
822 919 1052 991 matrimonia
1078 919 1154 991 fieri
1184 917 1414 1010 prohibemus
1441 916 1644 988 inhibentes
1671 925 1821 1016 nequis

480 1023 643 1097 sacerdos
660 1027 794 1103 talibus
816 1026 980 1103 interelle
1004 1027 1185 1124 presumat
1202 1037 1241 1099 et
1257 1027 1319 1119 qni
1335 1035 1462 1098 contra
1477 1027 1544 1098 hoc
1562 1026 1688 1100 lecerit
1714 1054 1821 1104 cano-

479 1139 560 1208 nice
585 1140 783 1232 puniatur·
804 1142 1036 1214 Denuncient
1060 1141 1172 1210 etiam
1198 1133 1371 1232 prelbytri
1396 1137 1617 1230 parochianis
1632 1136 1705 1212 suis
1723 1145 1819 1234 quod

478 1252 748 1325 matrimonium
774 1255 994 1348 prohibitum
1018 1247 1072 1322 est
1094 1249 1188 1320 infra
1204 1257 1372 1340 quartum
1396 1249 1546 1342 gradum
1572 1247 1820 1346 consanguini-

478 1363 566 1433 tatis
583 1363 642 1436 vel
658 1366 845 1439 affinitatis
861 1405 870 1422 ·
888 1364 983 1435 vltra
1006 1370 1176 1455 quartum
1200 1359 1351 1454 gradum
1377 1357 1539 1454 legitime
1564 1364 1791 1436 contrahitur
1808 1407 1817 1422 ·

478 1471 582 1547 Inter
606 1489 809 1572 compatres
833 1487 874 1549 ct
897 1482 1113 1548 commatres
1138 1481 1177 1542 et
1201 1472 1297 1541 inter
1315 1469 1431 1542 filium
1456 1481 1496 1543 et
1520 1471 1629 1544 filiam
1656 1485 1695 1546 et
1722 1477 1819 1548 inter

477 1583 680 1683 susceptum
703 1601 743 1664 et
764 1586 964 1682 susceptam
983 1595 1023 1658 et
1042 1583 1153 1655 filiam
1177 1578 1401 1675 suscipientis
1417 1585 1685 1657 matrimonium
1707 1589 1819 1659 inter-

476 1699 629 1774 dicimus
649 1743 659 1759 ·
681 1699 885 1773 Statuimus
910 1699 1021 1769 etiam
1046 1705 1086 1766 vt
1110 1693 1286 1788 capellani
1313 1694 1544 1788 parochianos
1566 1693 1646 1768 suos
1671 1699 1816 1792 publice

476 1810 683 1884 fornicarios
708 1809 831 1884 statim
856 1807 1077 1903 compellant
1096 1829 1181 1879 curn
1197 1806 1394 1901 fornicarijs
1419 1803 1489 1878 suis
1514 1810 1725 1882 contrahere
1751 1824 1815 1884 ant

475 1945 535 1992 eas
553 1917 763 2018 limpliciter
778 1923 942 1996 abiurare
959 1919 1059 1992 nulla
1075 1918 1282 1992 conditione
1298 1918 1435 1990 adicito
1452 1960 1460 1974 ·

694 2144 840 2217 LXVI.
864 2143 1003 2216 'luendi
1021 2143 1105 2215 sunt
1121 2145 1303 2239 firgientes
1319 2144 1365 2215 ed
1382 2141 1564 2218 ecclellam
1583 2189 1590 2204 ·

474 2369 644 2442 Firmiter
669 2369 900 2464 prohibemus
918 2371 1060 2462 nequis
1077 2369 1258 2464 fugientes
1274 2367 1320 2440 ad
1337 2365 1522 2441 ecclesiam
1547 2393 1636 2465 quos
1661 2370 1813 2447 ecclelia

472 2481 584 2555 debet
600 2483 695 2555 tueri
721 2483 807 2555 inde
823 2481 1000 2553 violenter
1021 2477 1203 2552 abstrahat
1218 2487 1284 2551 aut
1300 2475 1394 2573 ipsos
1409 2481 1504 2553 circa
1519 2479 1704 2557 ecclellam
1721 2483 1815 2558 obst·

472 2593 557 2664 ‹leat
575 2592 633 2665 rel
651 2590 784 2664 eisdem
803 2591 989 2663 subtrahat
1006 2589 1173 2661 naualia
1191 2630 1199 2645 ·

712 2812 877 2884 nxvn.
903 2813 1009 2897 Quod
1028 2809 1176 2882 honesto
1191 2809 1378 2882 sementer
1393 2811 1543 2884 ecclelia»
1561 2856 1568 2872 ·

471 3036 708 3109 l'rolribemus
734 3040 844 3110 otiam
870 3061 916 3108 ne
936 3037 1065 3109 choree
1084 3035 1141 3108 rol
1168 3045 1291 3129 turpes
1316 3047 1355 3106 et
1379 3035 1554 3110 inhonesti
1582 3040 1656 3114 ludi
1675 3046 1738 3137 qui
1764 3047 1808 3117 ad

470 3149 651 3221 lasciuiam
679 3151 837 3221 inuitant
855 3152 891 3221 in
909 3145 1067 3242 ecclelle
1085 3147 1142 3220 vel
1160 3149 1347 3242 cimiterijs
1371 3149 1461 3222 fiant
1487 3173 1553 3223 noc
1579 3152 1684 3227 cause
1710 3154 1810 3229 secu·

469 3261 561 3332 lares
595 3263 753 3333 maxime
783 3264 821 3332 in
850 3262 980 3355 quibus
1008 3261 1128 3355 agitur
1154 3259 1201 3331 de
1229 3259 1362 3332 iudicio
1396 3259 1576 3356 linguinis
1607 3267 1642 3336 in
1673 3267 1808 3340 eisdem

468 3377 694 3445 tacentur·
714 3373 918 3448 Statuimus
943 3375 1053 3446 otiam
1080 3383 1120 3442 vt
1146 3372 1325 3443 cimiteria
1350 3395 1415 3465 per
1440 3375 1629 3447 circuitum
1659 3378 1808 3452 honeste

468 3485 683 3558 claudantur
712 3509 760 3557 ne
781 3485 976 3558 immundis
1000 3495 1040 3557 et
1070 3484 1185 3555 brutis
1211 3482 1426 3554 animalibus
1457 3495 1579 3578 pateat
1607 3488 1805 3585 ingrellus·

467 3592 616 3670 ecclellc
633 3621 777 3691 quoque
795 3599 935 3693 integro
952 3607 991 3668 et
1008 3592 1157 3668 honeste
1174 3589 1249 3666 line
1266 3596 1369 3667 ruina
1384 3593 1630 3671 custodiantur
1646 3645 1654 3658 ·

641 3820 827 3894 LXVlll.
856 3819 1199 3893 Excommunicandi
1218 3815 1301 3891 sunt
1318 3832 1446 3913 quater
1463 3824 1499 3894 in
1517 3847 1611 3896 anno
1630 3867 1637 3882 ·

464 4044 841 4120 Excommunicentur
856 4058 985 4140 quater
1001 4049 1038 4118 in
1055 4069 1151 4118 anno
1178 4066 1243 4139 per
1267 4054 1381 4117 totam
1399 4043 1575 4141 dyocellm
1594 4045 1748 4147 sorciarij
1765 4066 1806 4125 et

465 4157 675 4252 incendiarij
693 4155 872 4230 manifesti
892 4157 1036 4253 vsurarij
1054 4195 1063 4214 ·
1081 4155 1233 4229 malefici
1251 4194 1261 4213 ·
1278 4167 1438 4251 raptores
1455 4159 1588 4254 publici
1602 4199 1610 4216 ·
1623 4160 1807 4238 maliciose

461 4269 702 4366 impedientes
724 4267 942 4344 testamenta
959 4271 1138 4367 legittime
1154 4268 1246 4344 satta
1264 4309 1272 4326 ·
1292 4267 1445 4343 scienter
1468 4273 1599 4366 periuri
1625 4297 1690 4368 per
1715 4297 1806 4369 quos

461 4381 592 4476 aliquis
625 4381 765 4454 amittit
803 4381 1039 4456 hereditatem
1077 4381 1292 4455 beneficium
1327 4379 1603 4458 eccleliasticum
1638 4387 1697 4460 rel
1731 4402 1806 4463 ter·

463 4516 617 4566 renum·
