4526 5954
323 847 329 860 ·
439 721 547 818 χιιι]
889 727 1303 806 ABERDONENSE.
1718 743 1791 820 279

438 946 485 996 ex
497 934 602 1017 perte
620 925 765 1004 australi
781 927 845 1004 sex
858 931 978 1005 decim
990 928 1123 1005 solidos
1135 971 1146 990 ·
1159 941 1200 1006 et
1212 933 1259 1004 de
1270 932 1336 1006 illu
1347 941 1446 1004 terre
1457 953 1528 1024 que
1540 933 1635 1005 ieeet
1651 935 1692 1006 in
1708 937 1787 1008 vieo

437 1037 482 1108 de
498 1037 536 1110 ia
550 1061 663 1135 grene
692 1043 792 1117 inter
806 1053 942 1117 terrem
960 1041 1146 1116 Wiilelmi
1164 1040 1296 1137 Wynk
1311 1064 1359 1115 ex
1375 1037 1448 1113 v'ua
1470 1041 1574 1136 perte
1590 1053 1630 1116 et
1647 1053 1783 1118 terrum

436 1149 520 1224 Ade
535 1152 601 1248 filij
615 1153 749 1254 Rogeri
766 1180 815 1230 ex
831 1157 949 1232 alteru
964 1153 1105 1250 septem
1122 1151 1255 1225 solidos
1267 1190 1276 1211 ·
1286 1160 1326 1225 et
1342 1153 1389 1226 de
1405 1151 1470 1224 ille
1484 1165 1581 1226 terre
1597 1175 1669 1248 que
1687 1157 1784 1229 ieeet

434 1263 471 1334 in
490 1266 569 1338 vieo
586 1268 632 1341 de
650 1267 773 1364 Fetyu
797 1269 896 1342 inter
920 1277 1057 1341 terrum
1073 1266 1137 1358 qui
1154 1264 1291 1336 dieitur
1307 1263 1508 1337 redbechue
1524 1287 1572 1337 ex
1588 1287 1662 1338 vnn
1680 1277 1784 1360 purte

431 1385 471 1448 et
494 1387 631 1452 terrem
650 1377 807 1455 Jonnnis
831 1381 880 1452 de
900 1374 1087 1453 Gnrmeeh
1112 1397 1160 1448 ex
1185 1373 1303 1449 albere
1318 1384 1476 1470 quatuor
1497 1374 1629 1451 solidos
1644 1413 1654 1434 ·
1672 1388 1713 1450 et
1736 1378 1783 1450 de

432 1486 504 1562 illie
520 1491 646 1564 crustis
663 1513 754 1586 quoe
766 1487 953 1563 Heurieue
969 1487 1087 1559 didus
1099 1482 1185 1558 Koe
1201 1482 1369 1580 pistorde
1384 1509 1446 1560 me
1463 1489 1584 1562 tenuit
1600 1489 1646 1562 ed
1658 1488 1782 1563 feodo-

430 1599 572 1676 firmum
595 1603 803 1678 iubentibus
824 1601 865 1673 in
881 1597 1023 1693 campo
1047 1593 1204 1671 Justieie
1224 1621 1273 1672 ex
1297 1595 1514 1674 occidentali
1538 1607 1643 1696 purte
1668 1601 1779 1675 riuuli

431 1715 494 1806 qni
518 1707 653 1790 dieitur
676 1713 713 1786 le
734 1708 958 1786 Deneburne
985 1710 1140 1806 triginta
1163 1707 1298 1785 solidos
1321 1749 1332 1769 ·
1355 1733 1422 1808 pro
1454 1713 1609 1807 qundnm
1640 1711 1781 1786 summe

429 1827 583 1918 pecunie
599 1846 708 1920 qunm
724 1821 908 1918 predidus
925 1817 1118 1895 Walterue
1133 1821 1225 1895 mibi
1250 1823 1291 1896 in
1313 1846 1399 1897 men
1420 1846 1552 1921 magne
1569 1820 1779 1900 neeeffitute

429 1935 592 2031 plenarie
607 1931 816 2008 numerauit
831 1939 871 2006 et
888 1933 1061 2029 peeeuit·
1079 1932 1297 2009 Tenendum
1307 1945 1347 2011 et
1359 1936 1567 2011 habendum
1575 1937 1778 2033 predidum

429 2048 614 2121 redditum
636 2047 717 2120 odo
741 2067 946 2119 marearum
970 2045 1133 2140 predisto
1153 2045 1327 2121 Waltero
1351 2059 1391 2122 et
1414 2049 1606 2124 heredibus
1629 2048 1702 2124 suin
1719 2052 1778 2124 rel

428 2157 501 2234 suin
512 2155 696 2256 eflignetie
710 2164 752 2231 eh
767 2157 1017 2252 recipiendum
1042 2157 1090 2230 de
1112 2158 1284 2254 predibbie
1301 2161 1409 2235 terrie
1425 2169 1464 2234 et
1480 2184 1604 2235 eurum
1619 2165 1779 2237 denenti-

429 2273 497 2344 bun
521 2272 569 2345 nd
592 2271 684 2343 dnon
707 2271 794 2342 nnui
818 2269 995 2342 terminon
1011 2266 1185 2343 videlieet
1201 2292 1312 2344 vnum
1327 2273 1562 2347 medietatem
1579 2274 1625 2347 ed
1642 2273 1777 2349 Pente·

428 2378 564 2457 uestem
590 2391 631 2455 et
658 2379 766 2455 eliam
795 2380 1033 2455 medietatem
1058 2379 1106 2454 ed
1134 2377 1268 2456 festum
1289 2380 1402 2457 sanai
1430 2381 1583 2457 Martini
1606 2387 1647 2458 in
1671 2407 1776 2481 yeme

427 2493 560 2588 absque
576 2493 648 2566 ulio
664 2515 774 2568 onere
784 2501 849 2565 eut
861 2488 1014 2566 seruieio
1029 2489 1181 2566 semler-i
1197 2494 1285 2567 inde
1300 2495 1467 2568 ieeiendo
1479 2532 1490 2552 ·
1501 2493 1581 2593 Ego
1594 2519 1680 2570 vero
1694 2521 1776 2593 pre-

428 2603 545 2679 distun
561 2603 747 2679 Martium
772 2613 813 2680 et
836 2603 991 2678 heredes
1014 2605 1090 2677 mei
1114 2602 1176 2678 rei
1197 2599 1365 2702 hffigneti
1389 2607 1463 2680 mei
1478 2606 1679 2701 predidum
1695 2609 1777 2682 red·

427 2717 545 2788 ditum
561 2717 644 2791 οᾶο
667 2740 870 2792 marearum
894 2717 941 2789 de
966 2717 1136 2812 predihhie
1158 2718 1266 2791 terrie
1290 2719 1479 2792 ennuntim
1502 2720 1773 2815 percipiendum

425 2851 491 2924 per
518 2830 642 2904 omnin
667 2830 763 2905 bone
795 2825 919 2904 nostru
949 2829 1101 2903 mobilia
1126 2837 1168 2904 et
1198 2828 1403 2904 immobilia
1429 2841 1544 2905 terrm
1571 2828 1711 2907 nostrus
1734 2846 1775 2908 et

425 2938 650 3037 poffemones
665 2942 827 3038 predibho
844 2939 1015 3016 Weltero
1040 2949 1084 3017 et·
1104 2941 1300 3017 heredibus
1323 2939 1397 3017 suis
1413 2942 1472 3018 uel
1496 2940 1567 3018 suin
1591 2939 1774 3042 effignutin

425 3064 552 3128 centra
567 3077 694 3129 omnen
717 3056 885 3129 homines
909 3064 949 3128 eh
973 3053 1128 3129 feminae
1153 3067 1194 3129 eh
1217 3053 1284 3129 sub
1309 3077 1404 3152 pena
1420 3051 1672 3154 compulsionis
1689 3082 1773 3132 een-

424 3164 505 3240 sure
538 3161 777 3242 eecieiiustiee
803 3169 843 3240 in
867 3163 1058 3262 personum
1090 3187 1214 3241 meum
1240 3175 1281 3242 et
1313 3169 1490 3242 heredum
1522 3191 1685 3243 meorum
1711 3172 1771 3246 vel

423 3302 588 3353 meorum
614 3275 872 3378 nffignetorum
895 3275 1032 3373 ubsque
1056 3277 1180 3375 aliquo
1204 3279 1366 3354 remedio
1383 3281 1431 3355 de
1447 3281 1507 3355 die
1522 3281 1562 3354 in
1578 3281 1676 3355 diem
1700 3283 1772 3356 iul·

424 3394 594 3467 minande
610 3391 930 3466 wumndizubimus
945 3392 986 3464 in
1010 3403 1231 3489 perpetuum
1255 3400 1296 3467 eh
1319 3393 1559 3468 defendemus
1574 3433 1585 3454 ·
1602 3392 1649 3468 In
1665 3397 1770 3469 euius

424 3509 476 3580 rei
492 3501 739 3581 testimonium
755 3500 913 3602 iigillum
928 3525 1055 3578 meum
1072 3525 1145 3580 vnn
1159 3499 1246 3579 cum
1261 3507 1446 3580 eommuni
1462 3501 1578 3603 sigillo
1593 3506 1639 3580 de
1651 3507 1770 3583 Aber-

424 3620 495 3692 den
527 3620 576 3691 ed
608 3614 820 3690 instanciam
852 3637 973 3689 meum
1006 3614 1079 3710 hijs
1111 3616 1230 3690 literis
1262 3617 1475 3713 putentibus
1505 3615 1575 3691 ieci
1608 3622 1767 3714 epponi·

425 3731 564 3804 Datum
589 3729 685 3826 epud
700 3727 877 3804 Aberden
899 3729 961 3802 die
983 3726 1073 3802 lune
1096 3730 1265 3826 pmximh
1286 3723 1369 3824 post
1382 3726 1515 3802 festum
1534 3725 1768 3805 Aseeueionin

424 3841 575 3916 Domini
597 3865 694 3916 nuno
717 3841 835 3941 gretie
860 3835 1054 3916 miliefimo
1086 3836 1336 3916 dueentefime
1359 3836 1598 3937 osteugestmo
1622 3843 1766 3938 primo·

422 3951 588 4030 'festibus
604 3953 758 4028 Matheo
768 3952 1003 4029 Greutheued
1015 3963 1107 4028 tune
1122 3951 1396 4034 eidermenude
1407 3953 1603 4028 Aberden·
1621 3953 1765 4052 Rogero

422 4066 470 4141 de
494 4065 581 4163 ny·
603 4064 796 4140 Wiiielmo
811 4064 936 4141 Alkoe
961 4072 1002 4139 et
1027 4063 1223 4140 Willelmo
1240 4060 1457 4139 Mnreseello
1481 4076 1570 4140 tuuc
1592 4071 1766 4163 temporie

422 4175 611 4275 prepoiitie
636 4177 682 4252 de
697 4177 873 4253 Aberden
888 4216 899 4237 ·
914 4175 941 4252 J
942 4177 1087 4253 ohanne
1102 4178 1151 4251 de
1165 4175 1327 4275 Agnetis
1343 4215 1354 4238 ·
1370 4175 1509 4251 Thomu
1524 4176 1599 4250 filio
1613 4175 1736 4252 Alieie
1751 4221 1761 4240 ·

424 4289 615 4366 Willelmo
637 4289 846 4386 Prophete-
863 4289 1058 4365 Wiilelmo
1081 4325 1311 4350 ·······
1338 4286 1539 4364 Meleoimo
1561 4288 1609 4362 de
1634 4288 1765 4388 Pnige-

422 4426 539 4500 ueuy·
527 4401 678 4478 ·Ainn0
699 4402 860 4476 elerico·
876 4401 1020 4477 'l'home
1042 4400 1194 4477 Bouer·
1212 4397 1387 4475 Gnuudo
1412 4399 1506 4473 dide
1522 4399 1569 4475 de
1585 4399 1761 4496 Geytnn·

424 4515 602 4590 Dunenuo
619 4513 840 4588 Mereener·
856 4513 1029 4590 Johunne
1044 4511 1143 4588 dian
1158 4509 1300 4607 seyer-
1290 4509 1604 4685 ·Sym0ne'1'ok·
1612 4509 1763 4588 mom

422 4628 554 4703 clerieo
570 4627 617 4702 de
631 4625 835 4703 Aberden·
859 4625 1019 4722 etnlije·
1144 4681 1147 4686 ,
1210 4671 1213 4676 -
1311 4675 1317 4686 -
1349 4679 1353 4685 ·
