4564 5968
488 773 573 869 xc]
955 777 1358 854 annnoonnnsu.
1754 785 1825 851 eos

1001 979 1026 1050 J
1028 981 1188 1052 ohannes
1206 977 1311 1050 Olet·

485 1086 624 1173 Quarto
651 1086 824 1163 kalendas
851 1088 1010 1188 Augusti
1036 1093 1159 1164 obitus
1182 1085 1340 1184 magistri
1364 1085 1542 1156 Jonamns
1572 1083 1657 1157 Clat
1679 1087 1725 1157 de
1748 1109 1820 1179 quo

485 1204 783 1275 commemoraeio
808 1205 998 1276 annuatim
1017 1203 1063 1275 de
1081 1203 1142 1296 viij
1161 1199 1280 1271 solidis
1298 1198 1407 1270 annui
1424 1197 1585 1268 redditus
1603 1197 1648 1268 de
1666 1197 1700 1268 le
1726 1219 1822 1268 now-

485 1311 606 1384 landis
615 1337 681 1408 per
693 1315 846 1388 heredes
861 1313 1095 1410 Kymbysone
1109 1315 1155 1385 de
1172 1305 1340 1384 consensu
1355 1305 1512 1404 magistri
1526 1307 1637 1379 Alani
1653 1307 1819 1381 Fwtbes·

800 1575 807 1590 ·
973 1534 1186 1606 Willelmus
1204 1531 1343 1604 Lethe·

484 1649 602 1724 Nonis
619 1648 777 1748 Augtrsti
801 1652 924 1723 obitus
941 1645 1123 1716 Willelmi
1143 1644 1261 1716 Lethe
1286 1653 1325 1715 et
1343 1640 1519 1716 Cristiane
1544 1641 1669 1738 sponse
1691 1643 1752 1717 sue
1773 1645 1818 1716 de

478 1763 611 1856 'quibus
641 1761 942 1836 commemoraeio
975 1758 1022 1829 de
1057 1758 1118 1849 xvj
1144 1759 1173 1828 ἔ.
1208 1757 1402 1829 decrestis
1436 1759 1625 1829 annuatim
1655 1756 1818 1830 leuandis

481 1873 616 1948 Orestis
633 1875 776 1947 vokat'·

942 2090 1091 2190 Anguis
1098 2093 1328 2189 Glennysone
1345 2136 1353 2152 ·

478 2209 600 2281 Tertio
618 2209 705 2281 idus
723 2202 879 2302 Augusti
897 2203 1048 2302 Anguis
1055 2206 1285 2302 Glennysone
1311 2204 1493 2303 burgenses
1518 2207 1564 2279 de
1580 2206 1753 2280 Aberden
1780 2217 1819 2279 et

478 2321 590 2394 Anna
615 2345 704 2392 vxor
729 2321 807 2391 eius
833 2319 1012 2391 dederunt
1037 2329 1211 2414 perpetuo
1237 2321 1360 2390 decem
1388 2321 1417 2391 s.
1444 2321 1555 2392 annui
1585 2321 1748 2392 redditus
1772 2321 1818 2391 de

479 2436 583 2506 terris
599 2432 670 2504 suis
693 2441 800 2524 prout
827 2433 863 2503 in
890 2442 990 2502 carta
1014 2433 1223 2504 continetur
1246 2454 1309 2524 pro
1326 2454 1397 2502 uno
1422 2432 1607 2528 trigentali
1632 2433 1818 2504 annuatim

477 2544 691 2617 celebrando
717 2566 781 2636 per
806 2541 1012 2636 capellanos
1041 2545 1078 2614 in
1113 2537 1265 2614 crastino
1294 2540 1404 2614 sanet
1438 2542 1629 2638 Laurencij
1661 2543 1817 2616 martiris

477 2679 574 2727 omni
593 2677 687 2726 anno
705 2695 712 2711 ·

968 2877 1181 2949 Alexander
1198 2872 1331 2948 Cill'or·

478 2991 702 3064 Duodecimn
736 2988 910 3062 kalendas
953 2989 1179 3083 Septembris
1213 2989 1333 3059 obitus
1367 2987 1566 3060 Alexandri
1603 2984 1745 3060 Cilloris
1779 3001 1815 3061 et

475 3102 612 3174 cecilie
637 3099 761 3196 sponse
787 3097 849 3173 sue
866 3103 927 3195 qui
946 3101 1127 3174 dederunt
1152 3101 1398 3172 molendinum
1421 3100 1467 3172 de
1493 3101 1706 3173 Mundurno
1730 3138 1740 3157 ·
1767 3100 1817 3172 Et

475 3201 603 3286 eodem
621 3215 679 3286 die
696 3214 819 3285 obitus
837 3212 973 3285 domini
997 3213 1142 3286 Matbei
1165 3211 1318 3308 episcopi
1337 3209 1606 3285 Aberdonenlis
1623 3213 1669 3284 de
1686 3213 1816 3306 quibus

474 3327 772 3398 commemorneio
789 3326 836 3398 de
853 3327 918 3419 xiij
942 3327 972 3398 ἓ.
991 3327 1044 3423 iiij
1059 3322 1097 3398 d.
1115 3327 1161 3398 de
1178 3325 1273 3397 diuo
1294 3322 1499 3396 molendino
1525 3363 1533 3380 ·
1560 3323 1657 3396 Item
1674 3325 1718 3396 in.
1730 3322 1818 3398 cista

475 3440 655 3511 communi
675 3439 870 3510 inuenietis
897 3436 1038 3511 literam
1056 3437 1235 3510 libertatis
1252 3437 1447 3508 molendini
1473 3438 1520 3509 de
1548 3435 1761 3509 Mundumo
1777 3450 1816 3508 et

475 3552 678 3623 ‹lunationis
696 3548 854 3621 eiusdem
873 3572 938 3643 per
954 3549 1176 3644 predistum·

925 3773 1138 3870 Ingeramus
1156 3772 1367 3870 Lyndesay·

476 3887 586 3960 Nono
603 3887 777 3960 kalendas
804 3885 1029 3983 Septembris
1054 3885 1176 3957 obitus
1193 3886 1286 3957 bone
1311 3887 1482 3958 memorie
1510 3885 1691 3982 ingerami
1718 3886 1815 3982 Lyn-

474 3997 580 4096 desay
596 3994 749 4095 episcopi
765 3994 1033 4071 Aberdonensrs
1050 3998 1096 4069 de
1113 4020 1185 4090 quo
1201 3999 1495 4069 commemoratio
1512 3999 1701 4070 annuatim
1715 4021 1766 4070 xx
1783 4003 1812 4072 ἓ.

475 4111 636 4184 leuandis
662 4111 707 4210 de
733 4113 840 4184 terris
866 4111 911 4184 de
933 4105 1111 4182 Wcstball
1140 4109 1305 4204 parochie
1332 4110 1377 4182 de
1400 4108 1530 4206 Oryne
1554 4132 1619 4203 pro
1644 4113 1813 4183 anniuer-

473 4222 563 4297 sario
579 4219 641 4294 suo
667 4223 883 4296 celebrando
899 4231 1008 4318 prout
1025 4225 1063 4293 in
1080 4220 1195 4293 literis
1212 4217 1282 4294 suis
1298 4219 1448 4318 desuper
1471 4222 1643 4295 contestis
1669 4221 1812 4316 plenius

473 4337 681 4412 continetur
696 4375 705 4393 ·

947 4559 972 4632 J
975 4560 1135 4632 ohannes
1151 4557 1310 4632 Carrnun
1328 4597 1336 4616 ·

473 4677 612 4760 (Quinto
630 4673 709 4744 idus
727 4670 952 4766 Septembris
969 4672 1090 4744 obitus
1108 4667 1266 4767 magistri
1283 4669 1630 4744 JobannisCarroun
1645 4677 1808 4750 canonici
