4564 5968
820 717 823 724 ’
941 736 1347 811 nnnnnonnnsn.

845 1053 924 1126 Pno
943 1074 1082 1125 annam
1102 1075 1246 1125 noman
1267 1071 1441 1125 noman·

468 1271 510 1343 In
530 1276 655 1368 primis
673 1300 694 1348 a
713 1277 797 1348 rede
816 1273 1007 1349 vestiment
1025 1278 1070 1348 de
1087 1277 1200 1350 serico
1223 1278 1435 1349 deauratum
1454 1296 1537 1345 cum
1555 1273 1687 1344 ceteris
1705 1275 1818 1366 pecijs

517 1385 676 1460 eiusdem
696 1385 899 1460 vestimenti
917 1389 1012 1459 datis
1030 1412 1095 1483 per
1112 1391 1300 1461 dominum
1319 1387 1527 1458 Donaldum
1546 1385 1591 1455 de
1609 1383 1708 1456 Buta
1725 1422 1734 1439 ·

466 1493 572 1570 Item'
582 1523 693 1572 vnum
712 1496 967 1570 vestimentum
981 1501 1027 1570 de
1038 1500 1125 1572 rede
1136 1498 1261 1595 satyne
1274 1524 1357 1572 cum
1371 1500 1501 1572 ceteris
1514 1497 1625 1592 peeija
1643 1519 1709 1590 pen
1726 1497 1817 1588 epii'-

515 1635 647 1707 copum
666 1610 917 1683 Alexandrum
935 1620 1145 1682 mutuatum
1163 1612 1310 1683 domino
1329 1609 1519 1682 Wiilelmo
1538 1650 1546 1665 ·

465 1720 560 1794 Item
588 1735 662 1795 tres
680 1745 809 1815 mappe
827 1731 865 1790 et
882 1722 954 1790 duo
971 1721 1143 1794 frontalia
1161 1763 1169 1779 ·
1189 1746 1260 1796 vna
1276 1748 1408 1818 mappa
1433 1721 1653 1816 expenditur
1678 1722 1716 1790 in
1744 1743 1814 1792 vna

513 1831 657 1907 eamiiia
673 1857 738 1928 pro
757 1833 792 1902 le
810 1830 1022 1925 cliarbukyil
1040 1872 1050 1889 ·
1069 1835 1141 1905 due
1160 1835 1278 1907 furate
1294 1837 1389 1908 vnde
1406 1832 1636 1928 respondebit
1655 1831 1814 1904 wilhel-

512 1969 593 2016 mus
606 1940 766 2016 sacrista·

464 2057 559 2127 Item
579 2056 651 2127 due
668 2057 773 2149 pecie
790 2055 835 2125 <le
853 2052 962 2124 serico
980 2053 1111 2126 biaueo
1133 2051 1276 2129 stellata
1288 2083 1376 2144 'cum
1395 2062 1561 2154 ymagine
1579 2057 1742 2131 crucifixi
1761 2097 1769 2114 ·

463 2166 558 2238 Item
579 2190 650 2237 vna
667 2168 770 2260 pecia
786 2167 832 2236 de
850 2166 963 2236 burdo
980 2165 1159 2238 alisander
1175 2180 1214 2239 et
1231 2170 1302 2241 alia
1320 2172 1365 2242 de
1382 2169 1615 2243 bastardfiike
1633 2213 1641 2230 ·

463 2278 558 2351 item
578 2301 689 2349 vnum
714 2277 898 2373 corporale
923 2301 1007 2349 cum
1034 2277 1181 2350 casula·
1202 2279 1298 2352 Item
1319 2305 1429 2353 vnum
1447 2285 1718 2379 manutergium
1746 2307 1810 2377 pro

511 2391 655 2464 lauacro
674 2433 681 2448 ·

812 2615 891 2688 Pno
910 2635 1048 2687 annam
1067 2635 1180 2687 anam
1201 2613 1450 2687 Mwnaems·

461 2841 504 2911 In
530 2841 655 2933 primis
681 2863 792 2913 vnum
820 2837 1075 2913 vestimentum
1103 2841 1149 2911 de
1173 2862 1287 2934 grene
1314 2836 1404 2910 silke
1429 2863 1511 2911 cum
1539 2844 1671 2913 ceteris
1697 2843 1809 2934 pecijs

508 2965 568 3024 etc
587 2995 593 3007 ·

463 3065 556 3136 item
577 3066 649 3136 duo
669 3065 846 3160 mappalia
864 3078 900 3136 et
920 3087 1029 3135 vnum
1050 3065 1345 3158 manutergium·

828 3401 906 3473 Pao
924 3421 1060 3473 amam
1082 3420 1194 3472 anam
1212 3400 1411 3472 Jonnnms
1430 3454 1438 3468 .

461 3626 646 3720 inprimis
674 3649 783 3697 vnum
812 3622 1067 3698 vestimentum
1095 3627 1236 3720 nigmm
1264 3626 1310 3695 de
1337 3625 1371 3696 ia
1397 3622 1531 3695 bastart
1556 3623 1693 3697 scitiike
1719 3651 1803 3698 num

507 3741 576 3812 hac
594 3741 790 3811 rationein
808 3738 962 3831 quadam
980 3760 1113 3808 corona
1129 3774 1139 3791 ·
1158 3737 1244 3807 Aue
1260 3735 1372 3808 Jhesu
1392 3749 1430 3808 et
1449 3736 1595 3809 Maria·

459 3851 555 3924 Item
573 3853 599 3944 ij
618 3850 728 3922 tualis
746 3873 809 3944 pro
826 3849 929 3921 altari
948 3847 1109 3920 eiusdem
1128 3871 1198 3942 que
1215 3848 1396 3942 quondam
1416 3850 1563 3919 fuerunt
1583 3874 1646 3943 pro
1665 3853 1804 3946 capelia

506 3964 643 4036 domini
675 3960 827 4034 Henrici
858 3963 903 4032 de
931 3959 1097 4054 nychton
1128 3959 1282 4054 episcopi
1314 3958 1575 4033 Abirdonensis
1609 4001 1617 4017 ·
1653 3962 1751 4035 Item
1778 3966 1802 4057 ij

507 4073 618 4147 tnaiis
651 4085 776 4168 empta
809 4097 873 4168 per
906 4069 1116 4168 magistrum
1145 4073 1364 4147 Duncanum
1391 4075 1437 4145 de
1465 4073 1632 4168 Lychton
1660 4075 1803 4148 cancel·

506 4190 601 4260 rium
620 4227 629 4244 ·
648 4185 745 4259 Item
764 4209 855 4258 mus
868 4185 963 4258 calix
976 4187 1022 4258 do
1040 4183 1168 4259 stanno
1182 4227 1190 4243 ·
1206 4207 1317 4259 vnum
1331 4186 1516 4282 corporale
1530 4227 1538 4243 ·
1555 4210 1626 4258 vna
1643 4187 1804 4281 pendula

506 4322 570 4395 pro
588 4295 813 4371 vestimentis
830 4337 838 4352 ·

456 4411 704 4512 [Omamenta
713 4431 778 4504 pro
790 4408 893 4481 altari
907 4407 1018 4484 santii
1031 4410 1209 4484 Johannis
1223 4409 1452 4507 ewangeliste
1466 4414 1502 4482 in
1515 4405 1667 4482 aecleiia
1679 4409 1803 4483 cathe-

505 4521 595 4597 dmli
625 4518 874 4595 aberdonensi
898 4545 944 4594 ex
969 4525 1066 4596 dono
1089 4526 1226 4597 domini
1254 4522 1411 4596 Walteri
1435 4521 1568 4618 ogilby
1590 4521 1727 4592 domini
1756 4522 1802 4595 de

505 4629 707 4710 Desstfurde
724 4669 733 4688 ·
751 4631 872 4704 Primo
887 4656 978 4706 mus
991 4635 1085 4707 caiix
1103 4649 1297 4731 argenteus
1310 4634 1503 4707 deauratus
1521 4672 1530 4690 ·
1550 4655 1661 4704 vnum
1675 4654 1802 4728 eorpo-
