4612 5964
478 669 581 764 xva]
951 672 1359 748 ABERDONENSE.
1764 687 1829 752 101

476 974 765 1055 Constitutionee
781 985 972 1058 reuerendi
985 986 1100 1079 petris
1113 980 1296 1054 Willelmi
1309 975 1552 1072 Elplrinstouu
1564 979 1829 1055 Abberdonen-

476 1082 521 1160 sis
535 1086 691 1187 episcopi
709 1095 807 1167 edite
822 1097 860 1166 in
871 1094 1033 1190 capitulo
1043 1093 1108 1166 suo
1118 1091 1277 1188 generali
1291 1100 1395 1162 tento
1409 1091 1544 1163 ibidem
1558 1089 1712 1185 septimo
1726 1115 1829 1166 men-

474 1195 520 1270 iis
538 1197 630 1297 Maij
648 1227 744 1276 anno
761 1204 913 1278 Domini
939 1201 1132 1277 millesimo
1150 1201 1436 1296 quingentefimo
1454 1200 1558 1274 sexto
1575 1203 1621 1275 de
1639 1210 1825 1277 communi

473 1309 646 1386 consensu
664 1317 791 1390 decani
810 1328 849 1389 et
867 1317 1124 1389 canonicorum
1142 1314 1228 1385 dicti
1254 1311 1404 1406 capituli
1423 1311 1539 1386 suiad
1557 1311 1825 1409 infrascriptum

472 1427 729 1518 exequendum
755 1424 960 1520 specialiter
984 1431 1286 1519 congregatorum
1312 1425 1451 1496 vocatis
1477 1425 1647 1496 vocandis
1674 1437 1714 1497 et
1730 1429 1826 1499 inte-

471 1533 560 1609 rell'e
577 1537 797 1611 habentibus
814 1537 860 1610 ad
880 1537 1054 1607 honorem
1072 1541 1112 1606 et
1128 1533 1275 1606 laudem
1294 1532 1367 1606 Dei
1384 1532 1609 1627 sequuntur·

474 1736 527 1832 In
541 1763 667 1854 primis
680 1756 809 1833 statuit
826 1767 865 1830 et
882 1757 1065 1829 ordinauit
1083 1755 1283 1827 inherendo
1302 1754 1623 1828 constitutionibus
1637 1760 1825 1851 predeces-

469 1868 589 1944 sorum
611 1868 755 1944 suornm
783 1865 918 1961 absque
945 1868 1183 1939 inuouatione
1208 1868 1406 1939 earundem
1433 1889 1496 1960 pro
1521 1875 1823 1963 augmentatione

469 1983 591 2055 cultus
608 1983 724 2054 diuini
741 1981 780 2051 in
798 1981 895 2052 dicta
919 1976 1071 2052 ecclelia
1087 1989 1127 2052 et
1144 2001 1209 2072 pro
1234 1979 1398 2052 cedanda
1421 1989 1461 2050 et
1481 1981 1732 2075 extinguenda
1755 1983 1822 2056 lite

468 2090 532 2166 seu
548 2089 793 2166 controuersia
817 2090 907 2164 oliae
924 2091 1062 2163 iamdiu
1078 2086 1227 2186 singulis
1244 2091 1349 2163 annis
1374 2093 1588 2164 continuata
1613 2094 1711 2166 inter
1730 2117 1822 2167 non·

471 2205 592 2278 nullos
618 2206 704 2278 dicti
730 2203 881 2299 capituli
906 2200 960 2275 sui
985 2203 1179 2275 canonicos
1203 2201 1248 2275 de
1271 2211 1311 2274 et
1336 2200 1442 2297 super
1467 2203 1647 2296 locatione.
1671 2216 1711 2278 et
1735 2230 1822 2279 cou-

468 2317 640 2390 dudtione
664 2317 906 2391 vicheriorum
930 2314 1029 2386 chori
1056 2311 1216 2385 ciusdem
1241 2309 1391 2386 ecclelie
1418 2355 1427 2374 ·
1453 2313 1559 2398 Quod
1577 2316 1623 2388 de
1640 2325 1764 2390 cetero
1783 2322 1819 2390 iu

467 2429 566 2500 dibta
580 2425 645 2500 sua
660 2423 812 2500 ecclesio
836 2422 909 2498 sint
935 2425 1066 2520 viginti
1092 2423 1214 2516 vicarij
1233 2424 1331 2496 chori
1350 2427 1388 2495 in
1406 2422 1604 2496 sacerdotio
1629 2425 1820 2502 constituti

466 2543 505 2612 iu
522 2550 634 2613 contu
652 2539 878 2634 Gregoriano
895 2537 942 2609 ed
959 2537 1081 2607 minue
1105 2531 1268 2606 instructi
1288 2534 1423 2605 diuinis
1448 2535 1573 2607 officiis
1590 2540 1756 2627 quotidie
1783 2543 1820 2611 in

466 2653 595 2724 eadem
613 2650 810 2742 mancipati
829 2686 839 2705 ·
857 2648 931 2719 duo
948 2646 1090 2717 diaconi
1108 2684 1117 2702 ·
1132 2645 1204 2716 duo
1223 2643 1430 2716 subdiaconi
1449 2685 1457 2702 ·
1477 2645 1549 2715 duo
1565 2647 1710 2719 accoliti
1729 2689 1738 2706 ·
1758 2649 1820 2722 sex

465 2764 568 2856 pueri
586 2783 671 2834 cum
697 2756 872 2832 sacrista·
899 2759 961 2851 qui
984 2752 1135 2852 singulis
1160 2756 1256 2827 horis
1281 2753 1479 2827 secuudum
1507 2765 1672 2830 tenorem
1689 2759 1822 2832 consti·

465 2876 652 2944 tutiouum
677 2870 766 2944 alias
791 2891 857 2963 per
883 2864 964 2939 suos
990 2862 1251 2961 predecell'ores
1276 2866 1457 2938 editarum
1481 2869 1518 2938 in
1536 2868 1723 2942 habitibus
1748 2870 1820 2944 suis

465 2981 625 3056 honestis
651 2985 756 3054 iuxto
786 2981 960 3074 temporis
987 2979 1212 3075 exigentiam
1242 2977 1352 3050 clroro
1386 2976 1553 3050 interelle
1587 2982 1725 3054 debent
1753 2983 1819 3055 l'ub

465 3118 560 3190 pena
585 3095 623 3166 in
649 3091 784 3166 eisdem
810 3086 957 3164 statutio
982 3099 1159 3162 contento
1175 3125 1184 3145 ·
1202 3088 1298 3161 Item
1326 3097 1366 3160 vt
1391 3087 1479 3162 dicii
1505 3092 1627 3183 vicarij
1647 3087 1721 3166 flue
1738 3117 1821 3188 per-

465 3206 568 3302 petui
587 3203 663 3277 liue
680 3203 897 3294 conducticij
925 3201 1063 3274 fuerint
1080 3221 1124 3272 eo
1142 3199 1291 3272 liberius
1307 3200 1609 3294 contemplationi
1627 3214 1667 3274 et
1683 3205 1819 3277 diuinis

465 3319 592 3390 officiis
610 3327 650 3389 vt
667 3315 829 3409 superius
853 3314 1011 3385 relatum
1028 3307 1083 3384 est
1100 3312 1292 3384 intendere
1310 3311 1457 3384 valeant
1475 3353 1483 3370 ·
1503 3309 1631 3384 statuit
1658 3328 1697 3386 ct
1722 3318 1819 3387 ordi-

465 3432 569 3504 nauit
586 3429 683 3522 quod
701 3426 857 3520 quilibet
874 3425 1029 3496 vicarius
1053 3423 1173 3495 decim
1191 3423 1300 3495 libras
1317 3423 1362 3494 ad
1381 3425 1501 3494 minus
1526 3447 1591 3517 pro
1609 3424 1673 3496 suo
1690 3424 1817 3500 salario

465 3543 511 3614 ‹lo
529 3540 705 3614 facultate
718 3537 973 3610 canonicorum
986 3533 1140 3629 capituli
1157 3532 1210 3605 sui
1228 3535 1400 3606 antedicti
1415 3545 1456 3606 vt
1469 3535 1629 3630 superius
1647 3546 1815 3610 taxatum

464 3650 518 3725 est
535 3648 684 3748 siugulis
701 3651 806 3723 annis
831 3649 1035 3742 perciperet
1053 3669 1124 3718 vna
1140 3668 1224 3718 cum
1241 3647 1450 3718 communia
1466 3645 1571 3719 solita
1588 3660 1627 3718 et
1644 3649 1817 3723 consucta

465 3789 507 3836 ac
524 3763 652 3838 babitu
678 3754 828 3834 honesto
846 3759 883 3830 in
902 3759 1053 3830 introitu
1072 3757 1248 3829 ditiorum
1276 3759 1490 3829 vicariorum
1509 3798 1517 3816 ·
1536 3759 1709 3832 diaconus
1735 3767 1816 3834 otto

465 3864 576 3948 librae
592 3914 601 3932 ·
619 3871 860 3946 subdiaconus
886 3866 947 3942 sex
967 3867 1075 3941 librae
1092 3869 1157 3962 xiij
1181 3870 1217 3940 ll.
1246 3878 1285 3940 ct
1315 3869 1367 3961 iiij
1398 3866 1435 3940 d.
1461 3869 1634 3942 accolitus
1660 3889 1819 3965 quotuor

465 3987 575 4060 libros
600 4022 610 4042 ·
629 3983 786 4078 quilibet
805 4003 1000 4076 puerorum
1025 3979 1078 4072 liij
1096 3981 1130 4050 ll.
1149 3982 1199 4074 iiij
1217 3977 1253 4052 d.
1280 4019 1289 4038 ·
1315 3975 1458 4052 sacrista
1482 3981 1599 4053 decim
1618 3982 1729 4057 libras
1746 3987 1819 4059 sol·

465 4098 604 4170 uendae
620 4093 755 4168 eisdem
772 4095 818 4168 ad
836 4103 993 4186 quatuor
1016 4092 1104 4164 unni
1121 4094 1296 4164 terminos
1323 4089 1519 4164 lbcundurn
1538 4106 1701 4167 tenorem
1721 4095 1818 4170 loco·

464 4209 577 4281 tionis
593 4207 804 4280 eorumdem
822 4245 831 4264 ·

467 4319 609 4416 [Quem
625 4317 772 4410 quidem
799 4336 991 4388 numerum
1009 4315 1225 4386 vicariorum
1248 4315 1469 4386 reuerendus
1486 4317 1523 4386 in
1546 4313 1690 4389 Cluilio
1712 4331 1819 4410 pater

464 4455 507 4504 ao
532 4430 702 4503 dominus
726 4427 896 4498 dominus
922 4426 1096 4500 Gawinue
1114 4424 1269 4498 Dunbar
1292 4425 1417 4498 diuina
1433 4425 1665 4500 miseratione
1681 4429 1820 4503 Abbir-

464 4537 633 4616 doneulie
646 4534 832 4634 episcopus
844 4537 1041 4612 rotilicauit
1053 4549 1094 4609 et
1106 4537 1322 4632 approbuuit
1335 4547 1374 4608 et
1386 4532 1534 4633 fingulie
1551 4538 1657 4611 dictis
1673 4542 1817 4634 ricorijs
