4526 5954
463 673 536 746 968
983 672 1290 750 REGISTRUM
1643 677 1795 774 [secum

462 871 549 943 droa
574 870 737 969 episcopo
764 871 981 949 Moravienli
998 913 1007 932 ·
1025 871 1215 945 Willelmo
1238 871 1286 942 de
1301 868 1417 941 Bond’
1441 879 1526 943 tuno
1550 875 1794 951 cancellario·

464 981 606 1058 Joanne
634 987 652 1082 [
746 985 764 1083 ]
791 990 837 1062 de
870 988 1119 1081 Huntyngton
1146 1025 1155 1044 ·
1182 980 1303 1053 Dauid
1334 981 1380 1054 de
1408 981 1594 1078 Lyndesay
1610 1024 1619 1042 ·
1638 985 1793 1060 Ricardo

465 1094 615 1192 Ohnmp'
631 1137 640 1156 ·
658 1097 779 1173 Dauid
798 1095 1011 1172 Mareseallo
1028 1137 1037 1154 ·
1057 1093 1226 1166 Waltero
1250 1090 1389 1188 Byset·
1410 1092 1573 1166 Jolranne
1590 1095 1636 1168 de
1662 1095 1793 1192 Haps-

466 1207 678 1282 Alexandro
691 1212 738 1284 de
749 1210 989 1307 Strynelyne·
1003 1216 1042 1280 et
1056 1205 1181 1276 multis
1193 1203 1274 1299 alijs
1287 1245 1295 1263 ·
1310 1204 1417 1300 Apud
1431 1202 1579 1278 castrum
1593 1206 1795 1302 puellarum

467 1343 544 1392 xxx
560 1322 620 1395 die
635 1321 661 1394 J
663 1325 739 1418 unij
756 1345 851 1397 anno
871 1322 973 1416 regni
990 1314 1099 1390 nostri
1118 1313 1271 1410 septimo
1289 1319 1429 1391 decimo
1446 1358 1455 1376 ·

466 1653 701 1726 Confirmatio
719 1651 828 1723 Alani
848 1647 1018 1743 Hostiarij
1037 1651 1123 1722 duta
1137 1649 1303 1748 hospitali
1321 1654 1366 1728 ds
1383 1653 1594 1750 Kynoardyn
1615 1697 1624 1713 ·

469 1853 838 1952 AlanusHostiarius
847 1872 1013 1945 omnibus
1024 1875 1149 1948 amieis
1159 1886 1198 1948 et
1206 1876 1409 1950 bominibus
1417 1875 1484 1950 suis
1493 1876 1796 1953 salutem-Sciant

468 1987 653 2085 presentes
669 1993 708 2057 et
731 1983 843 2055 futuri
878 2006 937 2056 noe
965 1980 1099 2058 dedisse
1129 1982 1332 2060 ooneeffill'e
1354 1998 1393 2060 et
1416 1989 1479 2064 hso
1511 1987 1666 2083 presenti
1697 2002 1796 2065 cartu

467 2125 551 2174 mea
577 2090 799 2170 confirmasse
817 2094 953 2166 Donet
975 2094 1083 2168 beate
1113 2095 1233 2169 Marie
1263 2108 1302 2170 et
1323 2096 1480 2194 hospitali
1506 2100 1662 2175 eiusdem
1688 2126 1797 2200 gene-

467 2215 566 2286 tricis
586 2209 655 2280 Dei
669 2204 737 2279 fito
754 2207 858 2279 iuxta
869 2221 1018 2301 pontem
1036 2229 1144 2300 quem
1163 2219 1267 2301 pater
1290 2232 1394 2282 meus
1409 2211 1493 2284 iecit
1517 2211 1675 2286 oonstrni
1691 2212 1797 2310 super

469 2325 549 2397 Dee
566 2331 605 2394 et
622 2320 793 2392 iratribus
809 2319 846 2390 in
870 2318 996 2389 eodem
1015 2317 1182 2414 hospitali
1208 2318 1288 2392 Deo
1306 2317 1536 2396 seruientibus
1552 2335 1591 2397 et
1611 2323 1795 2400 seruituris

468 2439 506 2510 in
528 2442 746 2531 perpetuum
775 2432 814 2502 in
842 2452 968 2524 puram
996 2440 1036 2502 et
1061 2441 1273 2526 perpetuam
1304 2429 1522 2504 elemosinam
1550 2436 1594 2506 ad
1623 2433 1796 2510 sustento·

466 2551 603 2622 tionem
622 2544 819 2617 eorundem
837 2555 877 2615 et
889 2564 1086 2637 pauperum
1105 2544 1350 2638 receptionem
1367 2565 1467 2616 vuum
1487 2545 1680 2619 dunachum
1699 2559 1795 2622 terre

466 2685 538 2756 qne
554 2659 689 2730 dieitur
699 2654 922 2748 Sutheluthy
934 2653 1087 2748 persnas
1098 2657 1211 2727 rebius
1228 2652 1358 2726 diuisas
1375 2667 1410 2728 et
1426 2679 1505 2728 curn
1517 2658 1681 2730 omnibus
1695 2656 1794 2732 iustis

466 2769 701 2868 pertinenoijs
717 2764 844 2839 suiset
860 2762 1047 2839 ecelesiam
1064 2768 1111 2839 de
1122 2765 1344 2861 Kynoardyn
1363 2768 1398 2838 in
1414 2767 1514 2840 Msrr
1529 2792 1611 2842 ourn
1628 2770 1794 2844 omnibus

466 2879 569 2957 iustis
579 2879 811 2974 pertinenoijs
823 2875 1035 2963 suis-Quare
1049 2876 1132 2950 volo
1145 2889 1184 2951 et
1196 2880 1356 2952 oonoedo
1370 2889 1406 2951 vt
1415 2879 1609 2973 preolibtum
1620 2879 1795 2976 hospitale

467 3008 506 3068 et
519 2995 647 3066 iratres
664 2993 702 3062 in
716 3013 760 3061 eo
777 2987 976 3062 seruientes
994 2988 1075 3062 Deo
1086 3000 1125 3062 et
1139 2986 1305 3063 seruituti
1322 2992 1359 3062 in
1377 3000 1580 3085 perpetuum
1598 2994 1792 3087 prouisum

467 3101 652 3181 ecclesium
671 3111 710 3175 et
727 3101 923 3196 prouisam
950 3110 1084 3174 terram
1110 3101 1268 3175 habeant
1297 3111 1442 3174 teneant
1469 3113 1507 3174 et
1531 3099 1730 3198 poffidemt
1755 3107 1790 3179 in

466 3240 592 3316 puram
616 3227 655 3290 et
678 3225 888 3308 perpetuam
915 3209 1149 3285 elemosinam
1179 3237 1244 3309 per
1267 3211 1347 3285 suns
1369 3214 1477 3287 retias
1501 3213 1631 3288 diuisas
1653 3227 1692 3290 et
1708 3239 1791 3290 oum

466 3330 634 3404 omnibus
651 3322 753 3398 iustis
766 3325 999 3418 pertinenoijs
1012 3322 1084 3396 suis
1100 3326 1139 3398 in
1150 3327 1254 3397 terris
1267 3334 1306 3396 et
1316 3325 1413 3419 aquis
1425 3327 1461 3396 in
1472 3323 1575 3399 bosco
1587 3336 1626 3400 et
1636 3326 1744 3422 plano
1754 3331 1791 3400 in

466 3443 579 3540 pratis
594 3452 633 3513 et
650 3435 790 3532 pascuis
807 3438 844 3508 in
864 3437 973 3507 moris
983 3447 1023 3510 et
1040 3431 1215 3531 rnarresrjs
1232 3437 1269 3508 in
1288 3434 1432 3508 lacubus
1443 3446 1481 3508 et
1497 3433 1654 3531 pisearijs
1670 3441 1708 3510 in
1726 3440 1791 3534 rijs

464 3567 505 3629 et
520 3552 658 3626 semitis
674 3554 712 3624 in
739 3549 824 3621 seris
846 3557 885 3620 et
909 3549 1038 3621 ouibus
1061 3550 1099 3619 in
1123 3545 1257 3644 stagnis
1282 3558 1321 3620 et
1337 3547 1543 3621 molendinis
1559 3550 1649 3622 adeo
1679 3550 1790 3626 libere

463 3668 588 3762 quiete
604 3662 766 3760 plenarie
782 3671 821 3733 et
838 3659 1033 3733 honorilice
1050 3655 1142 3733 licut
1158 3661 1280 3756 aliqua
1290 3656 1476 3734 elemosma
1491 3663 1526 3732 in
1541 3685 1650 3757 regno
1667 3661 1789 3736 Scotie

463 3778 614 3853 liberius
643 3773 801 3870 quietius
833 3770 977 3866 plenius
1004 3771 1299 3846 honorificentius
1315 3771 1361 3845 ab
1375 3770 1489 3865 aliqua
1504 3773 1610 3844 domo
1626 3771 1789 3870 religiosa

461 3891 618 3966 babetur
633 3893 783 3959 tenetur
798 3895 837 3956 et
850 3878 1048 3978 poffideour
1061 3925 1071 3944 ·
1083 3881 1250 3958 'festibus
1259 3884 1402 3956 domino
1411 3881 1555 3958 Andreu
1568 3883 1787 3960 llloroniensr

462 3999 628 4100 episcopo
644 3996 811 4070 ·domino
834 3993 1027 4069 Willolmo
1039 3995 1180 4092 Comyn
1198 4037 1208 4056 ·
1227 3994 1413 4068 Willelmo
1427 4005 1635 4090 presentare
1664 3996 1787 4072 Mors·

463 4111 595 4189 uienlis
623 4103 774 4184 eoolefie
791 4144 800 4164 ·
816 4104 1006 4179 Willelmo
1032 4108 1246 4182 cancellario
1262 4105 1415 4182 eiusdem
1431 4104 1577 4182 eoeleste
1593 4149 1603 4167 ·
1621 4107 1788 4207 mugistro

460 4227 649 4303 Gilberto·
663 4230 703 4294 et
714 4213 884 4314 magistro
898 4216 1075 4292 Edwouo
1092 4230 1153 4295 ·et
1166 4215 1334 4316 magistro
1347 4217 1528 4292 Willelmo
1541 4217 1649 4316 Agno
1659 4260 1670 4279 ·
1681 4244 1787 4294 eano-

459 4341 552 4413 niois
582 4373 593 4393 ·
627 4333 790 4407 Roberto
816 4329 862 4402 de
891 4327 1089 4404 Stutesilla
1122 4371 1130 4390 ·
1162 4330 1309 4405 domlno
1336 4329 1498 4404 Jobsnne
1517 4331 1564 4406 ds
1590 4329 1784 4407 Vollibus·

459 4463 499 4526 et
531 4449 678 4523 domino
713 4442 873 4538 lingone
907 4439 1086 4540 Flnmang
1116 4481 1127 4500 ·
1154 4443 1301 4517 domino
1332 4443 1493 4518 Jobunne
1525 4444 1570 4516 de
1603 4441 1782 4518 Gambron

458 4561 673 4638 militibus·
704 4557 850 4630 domino
871 4551 1063 4628 Willelmo
1096 4553 1284 4650 ospellono
1309 4595 1320 4616 ·
1348 4553 1507 4652 nngillro
1538 4553 1707 4630 Jobunne
1738 4555 1783 4630 de
