4546 5922
490 645 560 710 320
1016 628 1322 704 REGISTRUM
1598 633 1822 732 [rrennmx.

490 837 637 908 ueniant
662 845 824 932 tempore
855 829 1069 908 visitationis
1102 840 1142 902 et
1169 829 1351 902 concionis
1384 826 1591 922 peripsum
1622 833 1658 902 in
1689 830 1820 906 eisdem

488 948 606 1021 tiende
633 972 700 1022 nec
729 946 843 1044 ipsum
868 940 1079 1044 magistrum
1105 941 1286 1015 Joannem
1317 940 1466 1011 ulterius
1493 935 1638 1036 astringi
1669 943 1822 1014 volunt·

488 1083 560 1154 qno
588 1063 680 1134 roeo
705 1060 828 1157 perse
863 1059 920 1132 vel
946 1081 1014 1153 per
1036 1056 1144 1130 aliam
1169 1055 1335 1128 idoneam
1363 1049 1546 1148 personam
1571 1047 1822 1126 conscientiam

489 1170 646 1246 eiusdem
663 1181 862 1248 exonerant
878 1182 918 1246 et
942 1172 1013 1244 hoc
1028 1169 1139 1241 modo
1156 1191 1240 1240 eum
1257 1161 1484 1259 retroscripto
1508 1161 1696 1236 contredtu
1714 1185 1823 1257 penes

488 1285 580 1358 bane
597 1283 791 1358 clausulam
808 1279 970 1382 adsemel
983 1283 1022 1354 in
1038 1303 1128 1354 cauo
1145 1290 1215 1353 etc.
1233 1302 1316 1352 cum
1340 1276 1466 1350 eodem
1489 1269 1659 1370 magistro
1680 1270 1822 1346 Joannc

488 1407 614 1472 tenore
630 1394 803 1493 presentie
819 1397 890 1470 esti
907 1391 1124 1488 dispensant.

1049 1501 1110 1575 Ita
1134 1499 1187 1574 est
1205 1499 1381 1574 Nicolaus
1399 1499 1481 1596 Hay
1496 1496 1609 1572 scriba
1625 1497 1773 1594 capituli

1110 1614 1156 1686 de
1173 1613 1343 1685 mandato
1361 1611 1526 1685 eiusdem.

488 1943 600 2036 Copia
617 1933 843 2012 instrumenti
861 1934 1067 2008 donationis
1084 1943 1260 2006 terrarum
1279 1933 1325 2005 de
1343 1935 1560 2007 Fettimeir·

487 2157 677 2254 Omnibus
696 2175 787 2248 banc
804 2183 939 2246 cartam
958 2170 1084 2244 visuris
1102 2170 1159 2243 vel
1178 2171 1355 2244 audituris
1369 2171 1577 2244 Willelmns
1592 2168 1820 2246 miseratione

486 2293 608 2363 diuina
627 2285 821 2384 Episcopus
847 2283 1000 2358 salutem
1020 2286 1057 2358 in
1084 2282 1243 2356 Domino
1265 2281 1516 2380 sempiternam
1537 2323 1600 2344 ···
1631 2283 1820 2358 Noueritis

485 2443 494 2460 ·
512 2445 520 2461 ·
540 2444 548 2462 ·
568 2425 632 2475 nos
650 2443 658 2460 ·
676 2440 685 2457 ·
702 2439 711 2458 ·
729 2421 793 2494 pro
811 2397 997 2471 nonnullis
1013 2398 1247 2493 pecuniarum
1266 2393 1414 2469 summis
1430 2435 1439 2454 ·
1455 2435 1464 2454 ·
1482 2437 1491 2456 ·
1508 2419 1573 2493 per
1589 2395 1818 2470 Willelmnm

488 2512 603 2588 bellic
619 2514 666 2586 de
683 2509 893 2604 Balqubene
906 2507 1121 2583 modemnin
1139 2509 1423 2582 extendentibus
1439 2509 1475 2582 in
1492 2517 1571 2582 toto
1583 2509 1627 2582 ad
1645 2506 1819 2582 summam

485 2629 610 2700 decem
628 2623 728 2696 mille
745 2621 916 2695 librarum
934 2661 943 2679 ·
962 2661 971 2680 ·
990 2660 999 2679 ·
1018 2619 1209 2716 persolutis
1229 2645 1272 2694 ac
1295 2623 1333 2692 in
1354 2617 1508 2693 nostram
1530 2630 1568 2694 et
1591 2623 1683 2695 dieo
1700 2617 1820 2694 nostre

485 2733 633 2812 ecclesie
645 2735 838 2808 utilitatem
849 2727 1031 2806 conuersis
1044 2741 1083 2806 et
1093 2733 1349 2806 conuertendie
1366 2773 1375 2792 ·
1394 2755 1532 2806 necnon
1543 2743 1689 2830 propter
1705 2736 1819 2806 varias

485 2861 523 2922 et
551 2843 705 2922 diuersas
731 2845 973 2942 gratitudines
1006 2853 1046 2917 et
1071 2843 1297 2918 benemerita
1330 2867 1395 2938 per
1424 2844 1601 2938 quondam
1637 2843 1816 2918 loannem

486 2957 603 3034 Leslie
636 2959 682 3030 dc
715 2955 929 3049 Balqubane
962 2965 1002 3029 et
1035 2956 1170 3030 dibtum
1198 2955 1425 3027 Willclmum
1456 2953 1570 3029 Leslie
1599 2959 1676 3029 cius
1702 2957 1816 3029 silium

484 3074 587 3146 nobis
605 3067 794 3164 nostreque
811 3063 961 3141 ecclesie
978 3067 1176 3141 cathedrali
1200 3068 1384 3140 anteditte
1409 3063 1599 3162 presidenti
1617 3077 1657 3142 et
1673 3073 1818 3144 canom-

484 3189 535 3259 cis
568 3181 726 3256 ciusdem
753 3183 790 3252 in
823 3180 893 3253 hoc
916 3177 1129 3252 turbulento
1156 3179 1355 3274 reipublice
1382 3176 1615 3255 ecclesiastice
1653 3177 1747 3256 stetu
1778 3197 1816 3256 et

485 3311 646 3390 tenrporc
680 3289 838 3388 impensa
870 3301 910 3365 et
943 3292 1115 3386 precipue
1159 3293 1243 3388 quia
1282 3293 1398 3366 ditius
1440 3293 1617 3386 qnondam
1656 3293 1816 3370 Joannes

485 3421 523 3482 ct
561 3403 770 3479 ll'illelmus
804 3399 953 3477 honesto
1001 3405 1177 3476 comitatu
1219 3427 1262 3477 ae
1300 3403 1437 3477 familia
1468 3414 1506 3476 et
1546 3403 1818 3504 consangnineis

485 3518 679 3592 eorundem
714 3513 834 3611 stipati
869 3517 1080 3590 continuam
1109 3513 1339 3590 residentiam
1376 3517 1537 3590 scceront
1561 3515 1631 3592 boc
1653 3528 1816 3616 tempore

485 3630 660 3706 transatio
700 3629 794 3723 apud
825 3625 982 3702 nostram
1017 3625 1205 3702 ecclesiam
1242 3627 1484 3702 cathedralem
1512 3629 1557 3702 ad
1592 3627 1748 3706 nostram
1777 3648 1816 3708 et

484 3742 595 3820 nosiri
620 3742 768 3837 capituli
794 3738 1000 3814 instantiam
1028 3749 1068 3814 et
1093 3738 1391 3838 supplicationem
1417 3749 1456 3814 et
1480 3737 1608 3838 seipsos
1632 3756 1816 3842 promptos

485 3867 627 3957 laroma
643 3864 683 3928 et
699 3849 860 3926 slrcnuos
876 3853 1123 3927 exbibuerunt
1139 3855 1176 3926 in
1195 3852 1402 3926 defensione
1422 3850 1538 3926 nostre
1560 3851 1710 3930 ecclesie
1726 3856 1816 3932 sedis

484 3985 523 4045 ct
536 3967 656 4044 clerici
667 3965 754 4038 inibi
771 3958 960 4038 residentis
976 3961 1135 4040 instante
1150 3968 1261 4039 etiam
1275 3961 1451 4038 senissima
1460 3975 1498 4039 et
1508 3963 1712 4062 grauissima
1727 3969 1816 4044 sediss

486 4086 585 4158 tione
602 4076 846 4176 persecutione
862 4072 983 4148 nostre
1000 4074 1151 4151 ecclesie
1167 4087 1207 4151 et
1224 4075 1316 4150 sedis
1332 4099 1398 4172 per
1413 4077 1586 4154 catholice
1603 4077 1687 4153 sidei
1697 4078 1815 4156 besica

485 4197 650 4288 voceque
678 4183 872 4288 gmssantea
906 4184 1057 4282 aliisque
1090 4188 1374 4286 gratitudinibus
1408 4187 1638 4264 benemeritis
1671 4193 1816 4292 anxiliJs

484 4303 705 4398 seruitilsque
720 4295 868 4375 diuersis
884 4322 950 4396 per
964 4299 1124 4394 prefatos
1141 4301 1321 4398 quondam
1338 4299 1516 4376 Joannem
1534 4301 1651 4378 hessie
1667 4314 1707 4378 et
1721 4304 1817 4382 Wil-

486 4420 632 4494 lelmum
652 4411 767 4488 Lcslie
791 4413 870 4486 eins
886 4409 1003 4484 silium
1029 4413 1133 4486 nobis
1156 4423 1196 4488 et
1221 4411 1318 4488 diste
1337 4410 1457 4488 nostre
1480 4412 1628 4490 ecclesie
1647 4417 1815 4516 impensis

485 4545 524 4608 et
541 4541 581 4605 rt
604 4529 696 4604 inire
708 4524 874 4602 scribitur
889 4525 1217 4621 impendendendir
1237 4521 1404 4602 assedasse
1420 4523 1616 4603 arrendall'e
1630 4528 1759 4608 locasse
1775 4546 1814 4608 et
