4564 5968
474 695 544 766 206
990 671 1298 752 REGISTRUM
1667 675 1820 772 [saeuas

475 890 668 965 dunensem
691 892 737 964 ad
762 883 1017 962 celebrandum
1045 871 1192 969 sangolis
1213 870 1319 943 annis
1340 867 1400 939 die
1416 867 1504 940 lune
1525 893 1589 962 per
1612 870 1819 942 ebdomidas

477 1028 583 1076 vnam
600 1000 737 1076 missam
755 1003 844 1074 hora
860 997 1000 1070 decima
1015 990 1060 1062 ad
1078 987 1193 1059 altare
1210 978 1323 1054 senui
1342 978 1549 1074 Mauehorij
1568 1020 1577 1036 ·

477 1227 602 1301 Idibus
620 1225 841 1300 Nouembris
857 1223 922 1293 siet
939 1214 1127 1292 annuatim
1144 1202 1429 1282 anniuersarium
1445 1199 1607 1298 magistri
1628 1201 1817 1296 Laurencij

420 1335 424 1342 ’
478 1341 644 1414 Duncani
671 1341 813 1430 dequo
839 1325 1134 1406 commemoratio
1159 1319 1331 1392 videlieet
1359 1339 1412 1390 xx
1440 1312 1561 1387 solidis
1583 1313 1747 1386 leuandia
1772 1314 1818 1384 de

477 1454 615 1524 duabus
632 1450 756 1522 crostis
781 1458 820 1520 et
845 1439 967 1516 manso
990 1437 1169 1511 Johannis
1192 1432 1341 1527 Kyntor
1364 1423 1551 1524 burgensis
1574 1426 1620 1497 de
1646 1423 1817 1496 Aberden

477 1575 583 1659 prout
601 1566 638 1634 in
655 1569 757 1632 carta
772 1553 924 1648 desuper
939 1549 1103 1625 consessa
1118 1545 1262 1640 plonius
1285 1543 1498 1616 continetur
1513 1579 1522 1596 ·

479 1786 677 1860 Duncanus
696 1778 884 1872 Lycbtone
901 1771 1135 1846 cancellarius
1151 1761 1423 1839 Aberdononsis
1435 1760 1657 1856 rimamque
1673 1753 1819 1832 ecclesie

479 1893 691 1969 cathedralis
714 1878 963 1961 Breehinensio
986 1903 1094 1952 unam
1120 1877 1289 1948 fundauit
1312 1877 1551 1972 capellaniam
1578 1876 1703 1948 decem
1728 1893 1821 1944 mar·

479 2027 600 2080 camna
618 2004 729 2074 trium
747 1997 938 2069 solidorum
953 2002 991 2062 et
1002 1987 1063 2060 sex
1077 1989 1303 2059 denariorum
1320 1989 1365 2061 ad
1383 1988 1500 2061 altare
1516 1984 1628 2060 sandi
1644 1985 1820 2059 Johnnnis

479 2109 723 2210 euuangeliste
740 2109 834 2181 infra
850 2099 1033 2178 eeclesiam
1052 2097 1295 2171 cathedralem
1310 2097 1632 2171 Abberdonensem
1651 2094 1820 2171 situatum

480 2254 543 2324 pro
560 2250 631 2320 qua
647 2222 792 2318 quidem
811 2215 1011 2312 capellania
1027 2207 1261 2302 ebdomidarij
1288 2209 1430 2280 diaconi
1449 2221 1488 2281 et
1505 2208 1710 2281 subdiaconi
1728 2208 1821 2281 diste

480 2335 629 2412 ecclesie
646 2330 862 2408 cathedralis
879 2316 1172 2399 Abberdonensrs
1189 2321 1251 2412 qui
1267 2343 1333 2414 pro
1350 2331 1516 2414 tempore
1533 2321 1669 2392 suerint
1689 2317 1819 2391 astridii

479 2449 639 2524 existunt
656 2447 700 2520 ad
718 2444 852 2518 cotidie
875 2435 1128 2513 celebrandum
1150 2431 1303 2525 primam
1329 2427 1469 2503 missam
1486 2431 1686 2504 adoreum
1706 2429 1819 2501 altare

480 2565 566 2634 liora
583 2558 686 2634 sexta
702 2580 767 2652 pro
789 2551 978 2626 animabus
998 2544 1187 2619 reuerendi
1205 2543 1243 2614 in
1261 2539 1408 2616 Christo
1432 2542 1546 2637 patris
1563 2541 1700 2613 domini
1719 2539 1821 2612 Hen-

481 2677 543 2748 rici
559 2673 723 2768 Lyclrton
741 2664 924 2761 quondam
941 2661 1036 2732 diste
1052 2651 1510 2730 ecclesioAbberdoncnsra
1528 2650 1683 2748 episcopi
1701 2661 1739 2724 et
1757 2675 1819 2746 pro

479 2786 594 2859 salute
610 2784 721 2856 animi
740 2777 869 2874 presati
885 2773 1022 2846 domini
1047 2766 1250 2861 cancellarij
1276 2761 1526 2862 premissorum
1552 2764 1754 2837 fundatoris
1778 2787 1820 2836 ac

480 2898 622 2992 nepotis
647 2890 797 2989 prodisti
815 2885 996 2982 quondam
1014 2879 1167 2954 Henriei
1193 2873 1349 2972 episcopi
1368 2877 1541 2950 antedidi
1557 2887 1820 2972 parentumque

480 3011 620 3082 snorum
639 3017 678 3078 et
704 3003 865 3074 omniurn
885 3001 921 3069 in
939 2992 1081 3069 Christo
1098 2985 1403 3084 requiescentium
1420 2989 1524 3062 cuius
1539 2989 1686 3083 quidem
1703 2987 1821 3082 capel-

482 3121 576 3193 lanie
600 3115 791 3188 seruicium
817 3109 978 3204 prefatus
1003 3105 1174 3177 fundator
1196 3101 1299 3173 dedit
1324 3101 1478 3174 donauit
1497 3111 1537 3174 et
1553 3103 1819 3196 imperpetuum

482 3227 672 3325 assignauit
706 3227 744 3296 in
778 3243 905 3317 pamm
939 3229 979 3290 et
1012 3224 1224 3311 perpetuam
1258 3207 1491 3285 elemosinam
1525 3212 1630 3286 diuis
1663 3212 1822 3284 ebdomi-

481 3341 589 3436 ‹lurijs
623 3337 783 3410 diaconis
817 3346 856 3404 et
889 3329 1112 3402 subdiaconis
1146 3325 1281 3396 ibidem
1316 3325 1442 3397 diuina
1479 3323 1746 3397 celebrantibus
1783 3334 1822 3396 et

483 3451 744 3528 celebraturis·
763 3445 882 3531 Quam
908 3439 1145 3535 capellaniam
1166 3457 1248 3508 eum
1267 3436 1438 3508 omnibus
1461 3433 1534 3508 suia
1559 3437 1689 3509 annuis
1704 3437 1821 3508 reddi·

480 3568 578 3640 tibus
594 3575 633 3635 et
650 3562 769 3634 eidem
786 3555 938 3628 annexis
961 3551 1178 3624 mortificare
1195 3548 1284 3620 feeit
1300 3543 1549 3642 premissorum
1572 3549 1743 3621 fundator
1758 3571 1823 3643 per

481 3677 684 3771 supremum
703 3670 889 3742 dominum
906 3661 1067 3736 nostrum
1085 3683 1205 3757 regern
1223 3659 1404 3732 Jaeobum
1422 3663 1572 3734 tertium
1589 3671 1630 3733 vt
1647 3662 1685 3732 in
1702 3659 1821 3734 huius·

480 3789 577 3860 modi
603 3784 712 3858 cartis
737 3776 888 3872 desuper
912 3777 1085 3848 confodis
1110 3773 1252 3870 plenius
1279 3774 1522 3846 continetur·
1549 3772 1599 3846 Et
1623 3774 1686 3867 qui
1711 3770 1823 3846 trans·

480 3894 612 3996 grassor
636 3887 882 3990 premissorum
905 3890 942 3960 in
963 3897 1043 3959 toto
1061 3887 1119 3959 vel
1146 3888 1183 3958 in
1211 3895 1314 3978 parte
1338 3885 1507 3957 extiterit
1532 3885 1819 3982 indignacionem

482 4013 540 4084 dei
557 4003 818 4101 omnipotentia
834 4000 993 4072 incurrat
1009 4037 1018 4056 ·
1036 3997 1110 4084 Qui
1127 3999 1274 4092 quidem
1298 3997 1471 4070 fundator
1486 3994 1687 4070 huiusmodi
1704 3997 1822 4094 capel·

484 4125 577 4196 lanie
602 4115 801 4212 compleuit
825 4113 864 4184 in
889 4109 1056 4184 omnibus
1073 4120 1114 4182 vt
1130 4111 1339 4205 premititnr
1362 4109 1492 4182 abaco
1517 4109 1577 4182 die
1601 4105 1732 4182 mensra
1749 4107 1822 4181 De·

482 4235 636 4310 cambris
669 4249 765 4302 anno
800 4221 949 4296 Domini
983 4217 1175 4294 millesimo
1208 4216 1564 4317 quadringentesimo
1605 4217 1821 4318 sexagesimo

484 4370 599 4420 nouo·
617 4343 688 4416 Pro
705 4333 907 4412 fundatoris
922 4333 1045 4406 anima
1059 4343 1161 4406 orate
1182 4329 1289 4405 Pater
1304 4331 1416 4427 uester
1431 4342 1471 4405 et
1482 4332 1559 4406 Ace
1574 4330 1722 4406 Marso·

484 4571 617 4646 Obitus
646 4557 853 4640 serenissimi
883 4558 1054 4653 principis
1076 4557 1204 4632 Jacobs
1237 4558 1356 4652 quarti
1390 4555 1450 4629 dei
1484 4558 1601 4654 gratia
1630 4555 1820 4631 Scotorum
