4546 5922
466 745 553 842 xv·]
937 765 1343 846 ABERDONENSE.
1740 779 1812 846 303

462 947 655 1026 antodidcis
671 980 736 1051 pro
754 965 912 1056 quoda'm
929 965 1051 1040 annuo
1068 969 1213 1041 redditu
1231 972 1333 1042 nobis
1348 969 1413 1063 'per
1428 964 1606 1059 prefatum
1630 965 1807 1041 redtorem

460 1059 622 1136 concello
647 1070 920 1170 imperpetuum
942 1123 950 1140 ·
969 1079 1014 1150 ln
1041 1081 1143 1150 euius
1168 1083 1221 1151 rei
1248 1078 1487 1150 testimonium
1518 1073 1610 1143 hane
1640 1079 1806 1152 cedulam

459 1175 626 1252 manibus
659 1182 789 1260 nostris
822 1186 1092 1283 subscriplimus
1125 1190 1221 1282 apud
1251 1188 1424 1260 Aberden
1458 1184 1546 1276 xxiij
1582 1183 1641 1254 die
1674 1185 1806 1261 mensas

459 1280 591 1385 Maroij
608 1317 705 1368 anno
723 1296 873 1373 Domini
891 1320 1037 1373 mcccc.
1056 1294 1297 1392 octuagefimo
1314 1321 1408 1370 nono
1426 1335 1434 1354 ·

458 1394 639 1478 Dominus
665 1405 788 1482 Dauid
810 1409 933 1483 Waus
949 1419 1096 1483 curatus
1114 1409 1161 1480 do
1178 1409 1351 1483 Aberden
1369 1431 1477 1482 manu
1503 1407 1646 1500 propria
1661 1445 1670 1462 ·
1688 1410 1804 1484 domi·

457 1532 526 1586 nus
538 1513 727 1592 Johannes
744 1520 972 1614 Stradachyn
990 1540 1101 1590 manu
1118 1523 1283 1614 propria·
1301 1523 1466 1595 dominus
1478 1517 1690 1590 Alexander
1702 1519 1802 1616 Gray

456 1645 565 1698 manu
582 1627 745 1724 propria·
758 1634 926 1704 dominus
944 1631 1119 1703 Matbeus
1135 1631 1171 1701 N
1174 1633 1316 1729 icbolay
1332 1657 1439 1708 mann
1457 1632 1597 1725 propria
1610 1673 1620 1692 ·
1631 1631 1799 1706 dominus

454 1732 610 1811 lbomas
628 1740 767 1837 Herwy
781 1765 892 1814 manu
920 1744 1063 1836 propria
1080 1781 1089 1799 ·
1108 1741 1292 1819 Robertns
1318 1747 1402 1821 Leis
1427 1765 1534 1816 irronu
1559 1745 1703 1838 propria
1719 1784 1729 1803 ·
1748 1745 1799 1818 Et

454 1871 521 1946 ego
552 1851 722 1948 magister
747 1853 962 1926 Alexander
990 1853 1076 1949 Fyff
1098 1877 1209 1929 manu
1238 1862 1380 1954 propria
1404 1899 1413 1918 ·
1441 1856 1487 1928 Et
1511 1878 1579 1950 ego
1602 1855 1791 1932 lohannes

453 1960 675 2062 Streuelyng
692 1989 802 2037 manu
820 1968 985 2060 propria·
1000 1965 1051 2038 Et
1067 1990 1135 2062 ego
1149 1965 1348 2043 Duncanus
1366 1969 1491 2062 thlry
1503 1989 1611 2039 manu
1629 1973 1795 2064 propria·

452 2071 504 2146 Et
520 2098 588 2171 ego
606 2074 821 2148 Alexander
836 2076 933 2149 Club
946 2100 1057 2150 manu
1072 2082 1215 2174 propria
1232 2121 1242 2139 ·
1261 2081 1339 2179 Ego
1356 2083 1508 2155 Thomas
1526 2079 1666 2152 Stanne
1683 2105 1794 2156 mauu

449 2189 612 2280 propria·
625 2186 704 2282 Ego
721 2185 931 2260 Willelmus
944 2188 1181 2263 Crukscbank
1198 2215 1308 2266 manu
1322 2195 1459 2290 propria
1470 2231 1480 2248 ·
1493 2189 1570 2285 Ego
1580 2191 1795 2267 Alexander

449 2292 575 2391 Byffot
598 2320 709 2369 manu
737 2301 904 2391 propria·
926 2299 1003 2397 Ego
1029 2301 1197 2374 Andreas
1221 2303 1360 2379 'l'home
1385 2325 1491 2376 rrrarru
1517 2304 1660 2396 propria
1680 2345 1689 2362 ·
1713 2307 1792 2402 Ego

447 2407 616 2481 Andreas
632 2407 733 2503 Gray
749 2433 861 2481 manu
887 2415 1030 2506 propria
1047 2453 1056 2469 ·
1075 2413 1154 2508 Ego
1171 2414 1357 2490 lohannes
1377 2417 1461 2488 Prat
1486 2436 1594 2484 manu
1620 2420 1788 2510 propria·

448 2519 528 2616 Ego
550 2519 768 2593 *Willelmua
793 2519 967 2618 Moryibn
992 2548 1104 2598 manu
1131 2531 1274 2620 propria
1300 2572 1309 2590 ·
1336 2529 1412 2625 Ego
1435 2525 1620 2597 lohannes
1646 2525 1792 2621 Lytllar

446 2654 556 2705 manu
582 2633 751 2726 propria·
769 2631 849 2728 Ego
867 2635 1034 2709 Andreas
1052 2636 1243 2711 Clrawmer
1268 2664 1377 2713 rnanu
1403 2637 1541 2734 propria
1557 2675 1565 2692 ·
1584 2634 1662 2732 Ego
1682 2636 1790 2734 Inge-

444 2767 565 2816 ramus
583 2767 692 2816 manu
711 2748 881 2839 propria·

442 3079 552 3152 Carta
568 3082 841 3179 priueligiorum
859 3087 1020 3159 ciuitatis
1038 3086 1321 3162 Abirdonenlis·

437 3281 473 3378 J
475 3306 608 3378 aeobus
625 3307 685 3380 dei
701 3309 821 3406 gratia
836 3333 902 3382 rex
916 3310 1109 3385 Scotorum
1127 3315 1295 3387 omnibus
1310 3313 1429 3409 probis
1445 3309 1650 3383 hominibus
1667 3316 1782 3386 totius

440 3427 536 3492 terre
552 3418 615 3492 sue
631 3420 772 3494 clericis
789 3432 829 3495 et
846 3421 947 3496 laicis
963 3421 1116 3497 salutem
1133 3423 1253 3498 sciatis
1270 3445 1336 3496 nos
1351 3445 1447 3496 nnnc
1463 3420 1509 3491 ad
1525 3417 1682 3494 nostram
1701 3448 1781 3519 per-

437 3533 567 3605 fedlam
594 3544 633 3607 et
658 3533 862 3631 legitimam
879 3545 1039 3609 aetatem
1065 3538 1195 3633 viginti
1218 3539 1377 3631 quinque
1392 3554 1565 3608 annornm
1583 3530 1780 3610 existentes

436 3639 515 3740 post
526 3643 683 3718 nostram
700 3645 908 3741 generalem
922 3651 1193 3721 reuocationem
1205 3649 1253 3721 de
1268 3648 1433 3722 omnibus
1449 3643 1703 3720 donationibus
1713 3672 1779 3743 per

435 3779 502 3829 noa
518 3753 710 3851 nostraque
727 3758 766 3829 in
784 3767 912 3830 tenera
923 3768 1024 3831 etate
1037 3760 1131 3833 datis
1141 3771 1181 3833 et
1197 3756 1367 3834 eonceffis
1384 3756 1509 3830 indam
1523 3751 1633 3827 nostri
1646 3761 1779 3833 redux-

433 3865 496 3944 itte
509 3870 790 3964 memoriaquod
801 3867 1264 3967 nobisnostroqueconsrlio
1275 3862 1619 3966 perantiquanostra
1628 3868 1778 3966 registra

432 3994 472 4057 et
488 3981 577 4056 alias
594 3982 786 4055 euidenter
799 3981 1075 4079 luculenterque
1087 3979 1229 4058 constat
1241 3983 1418 4077 quondam
1432 3973 1683 4052 i'andiffimum
1696 4005 1777 4077 pre.

432 4087 649 4168 decetionem
657 4089 820 4166 nostrum
827 4093 1146 4169 DauidScotorum
1157 4119 1280 4192 regem
1290 4087 1775 4192 gloriosrlbmuminieodaile

430 4206 556 4279 villam
569 4205 616 4278 de
628 4204 844 4279 Abbirdone
857 4230 941 4280 cum
955 4207 1084 4282 bondis
1096 4219 1136 4282 et
1146 4208 1378 4303 pertinencijs
1395 4203 1573 4298 wlgariter
1588 4225 1775 4303 nuncupo-

429 4331 507 4394 tam
518 4317 594 4392 Ald
605 4317 812 4392 Abbirdoin
826 4320 864 4391 in
876 4314 997 4393 sedem
1008 4318 1247 4417 episcopalem
1261 4320 1493 4393 eteiuitatam
1504 4315 1772 4410 imperpetuum

429 4455 514 4507 cum
531 4429 700 4503 omnibus
717 4431 855 4503 iuribus
880 4430 1110 4505 libertatibus
1135 4442 1174 4505 et
1190 4427 1387 4529 priuilegijs
1402 4428 1446 4502 ad
1468 4426 1656 4501 ciuitatem
1672 4427 1773 4526 spec.

428 4543 593 4618 lantibus
609 4537 796 4638 ipsamque
814 4541 939 4616 villam
963 4553 1175 4640 reputamus
1191 4556 1231 4618 et
1246 4544 1466 4618 declaramus
1482 4533 1530 4610 sac
1546 4539 1768 4619 infeodatam

428 4653 499 4732 eilia
515 4663 555 4730 et
571 4649 676 4728 inille
692 4666 731 4729 et
744 4655 897 4729 eandem
916 4655 1028 4731 stiam
1041 4657 1088 4732 de
1099 4679 1196 4731 nouo
1213 4679 1279 4730 nos
1291 4679 1387 4730 nunc
1402 4650 1446 4726 ad
1463 4643 1617 4724 nostram
1631 4657 1770 4748 perisc-
