4612 5964
490 698 558 764 120
991 687 1298 768 REGISTRUM
1669 695 1822 792 [escum

489 892 583 986 quod
600 893 767 988 deinceps
792 894 913 966 nullus
942 892 1136 965 canonicus
1164 893 1201 962 in
1225 888 1333 960 choro
1358 898 1423 961 aut
1452 886 1671 983 processione
1700 908 1824 968 vtetur

486 1006 631 1098 caputio
648 1003 707 1078 sed
726 1006 837 1080 solum
853 1000 1001 1079 almusro
1018 1013 1057 1076 et
1074 999 1323 1099 superpellicio
1340 1010 1404 1072 aut
1430 1024 1544 1095 eappa
1573 1005 1677 1098 nigra
1698 1005 1823 1080 secun·

486 1115 573 1187 dum
591 1123 860 1216 congruentiam
877 1117 1050 1214 temporis
1069 1157 1078 1174 ·

487 1337 584 1412 Item
606 1343 701 1415 idem
719 1344 935 1416 reuerendus
952 1352 1057 1439 pater
1077 1335 1284 1435 prouideblt
1300 1334 1345 1406 de
1361 1333 1545 1432 horologio
1562 1357 1627 1429 per
1643 1334 1821 1412 sacristam

486 1447 719 1526 custodiendo
735 1466 774 1527 et
790 1455 944 1550 regendo
962 1480 1004 1528 ac
1021 1456 1059 1526 in
1076 1453 1213 1525 maiore
1230 1447 1422 1542 campanili
1439 1448 1658 1542 imponendo
1671 1459 1710 1522 et
1726 1451 1822 1522 colo-

486 1566 600 1636 cando
618 1603 626 1620 ·

486 1783 581 1854 Item
598 1784 693 1876 quod
711 1795 919 1858 ornamenta
945 1781 1094 1858 ecclesie
1119 1782 1336 1857 cathedralis
1360 1807 1502 1858 necnon
1528 1783 1659 1858 calices
1675 1785 1756 1859 libri
1782 1801 1821 1859 et

484 1894 555 1966 alia
570 1918 783 1988 quecunque
800 1897 844 1968 ad
862 1897 985 1968 diuina
1000 1897 1118 1969 officia
1135 1895 1356 1988 pertinentia
1371 1895 1416 1968 ad
1434 1917 1649 1989 quecunque
1666 1899 1821 1972 oratoria

484 2005 544 2078 seu
563 2006 642 2078 loca
663 2009 803 2100 priuata
828 2031 892 2100 pro
918 2003 1028 2078 missis
1054 2001 1280 2080 celebrandis
1305 2027 1377 2076 non
1403 2005 1612 2080 deferantur
1636 2005 1701 2082 sub
1726 2032 1822 2105 pena

484 2119 864 2190 excommunicationis
878 2119 914 2188 in
928 2117 1037 2189 laicos
1050 2127 1088 2189 et
1101 2106 1335 2208 suspensionis
1352 2114 1389 2184 in
1407 2113 1621 2210 presbiteros
1638 2117 1711 2214 ipso
1724 2119 1819 2196 sacto

483 2227 578 2322 quod
597 2229 706 2300 etiarn
724 2229 760 2298 in
778 2229 921 2320 reliquis
938 2224 1097 2322 ecelefijs
1115 2229 1229 2300 totius
1246 2221 1394 2297 diocesis
1410 2225 1624 2301 obseruetur
1639 2228 1705 2305 nisi
1721 2234 1820 2326 prius

482 2343 597 2436 petita
613 2349 652 2412 et
669 2341 817 2412 obtenta
835 2341 980 2412 lieentia
997 2341 1042 2412 ab
1061 2339 1132 2412 illis
1150 2338 1210 2432 qui
1228 2331 1362 2406 eisdem
1378 2333 1536 2431 eeclesrjs
1552 2335 1734 2434 president
1746 2367 1818 2439 quo

482 2451 563 2526 casu
582 2454 711 2526 iterato
737 2451 1006 2526 deferunturad
1024 2447 1212 2525 ecclesiam
1229 2444 1294 2519 sub
1314 2448 1416 2542 penis
1433 2455 1818 2528 excommunicationis

482 2575 520 2638 et
536 2561 769 2659 suspensionis
789 2564 982 2660 respedtiue
1000 2605 1009 2622 ·

482 2790 578 2864 Item
612 2791 697 2883 quia
729 2790 899 2862 hadenus
932 2797 1099 2861 cantores
1130 2784 1228 2858 ebori
1262 2805 1415 2876 quorum
1449 2787 1624 2860 intererat
1656 2789 1818 2863 desestns

481 2913 606 2974 notare
624 2898 760 2973 desides
786 2913 822 2972 et
850 2899 1075 2995 negligentes
1092 2899 1129 2970 in
1148 2888 1323 2991 promissrs
1348 2897 1481 2989 reperti
1505 2894 1590 2970 sunt
1607 2899 1689 2972 ideo
1706 2901 1818 2996 depu-

481 3024 607 3086 tentur
630 3014 701 3084 duo
727 3013 846 3105 nicnrij
877 3014 975 3083 chori
1002 3012 1047 3082 ad
1074 3005 1234 3102 singulos
1258 3005 1420 3079 desedus
1447 3009 1626 3081 notandos
1655 3013 1692 3082 in
1719 3009 1818 3086 missa

482 3124 634 3220 vesperis
652 3136 690 3196 ct
706 3124 784 3218 alijs
801 3125 998 3194 minoribus
1015 3123 1112 3192 horis
1129 3117 1326 3192 secundum
1345 3127 1508 3192 tenorem
1527 3121 1652 3196 tabule
1668 3125 1817 3217 antique

481 3251 519 3312 et
555 3232 768 3309 statutonnu
803 3232 1101 3328 inpresentiarum
1137 3232 1318 3304 editorum
1352 3253 1417 3324 pro
1450 3233 1581 3324 quibus
1614 3237 1817 3332 percipient

480 3361 644 3446 quartnnr
662 3359 799 3444 partem
818 3347 1022 3418 ‹tesenuum
1049 3343 1341 3436 delinquentium
1366 3353 1405 3413 et
1430 3365 1496 3436 pro
1513 3367 1609 3419 nunc
1630 3345 1817 3444 eliguntur

480 3459 647 3559 magister
671 3459 836 3530 Andreas
864 3456 1011 3551 Kyntor
1027 3467 1067 3529 et
1090 3456 1259 3528 domiuus
1288 3451 1473 3526 Johannes
1501 3455 1707 3550 quuhartt
1731 3485 1813 3534 curn

480 3573 653 3649 securitate
681 3569 821 3642 eosdem
848 3569 1055 3644 remouendi
1084 3579 1123 3640 et
1149 3567 1238 3638 nlios
1267 3587 1389 3636 corum
1420 3566 1508 3639 locis
1534 3569 1742 3664 imponendi
1767 3574 1813 3646 ad

479 3700 608 3761 nutum
622 3683 747 3757 decani
765 3680 823 3752 scu
842 3678 1053 3776 presidentis
1070 3691 1108 3754 et
1127 3674 1276 3772 capituli
1294 3699 1358 3770 pro
1374 3687 1564 3772 tempore·

480 3913 575 3987 ltem
592 3906 686 4004 quod
704 3901 802 3978 misia
826 3904 909 3976 diue
927 3906 1073 4000 virginis
1100 3902 1221 3976 Mario
1247 3894 1394 3994 singulis
1419 3901 1547 3975 diebus
1572 3906 1703 3998 quibus
1719 3909 1814 3980 ordi·

478 4027 577 4098 narie
594 4019 731 4094 cantari
747 4017 856 4090 debet
872 4027 1040 4088 cantetur
1057 4039 1141 4090 eum
1161 4007 1356 4108 presbitero
1373 4010 1525 4085 diacono
1541 4026 1581 4088 et
1596 4012 1812 4092 subdiacono

478 4141 514 4211 in
532 4135 603 4208 siris
619 4129 801 4206 habitibus
822 4130 989 4224 congruis
1006 4169 1014 4186 ·

478 4363 573 4435 Item
592 4356 686 4452 quod
704 4355 871 4446 deinceps
896 4353 985 4424 siant
1010 4350 1072 4426 sex
1100 4346 1252 4425 candele
1268 4347 1315 4421 dc
1330 4370 1420 4444 cepo
1436 4349 1473 4421 in
1492 4353 1577 4422 naui
1598 4348 1748 4428 ecclesie
1772 4368 1811 4428 et

477 4475 549 4546 due
566 4473 602 4545 in
620 4467 782 4564 qualibet
799 4461 913 4537 insula
937 4487 984 4537 ex
1009 4473 1114 4560 parte
1130 4455 1276 4536 australi
1302 4471 1341 4534 et
1365 4461 1501 4536 boreali
1519 4466 1617 4537 omni
1637 4467 1741 4540 noste
1764 4467 1810 4542 nd

478 4584 639 4680 resperas
666 4591 705 4654 et
735 4579 930 4652 matutinas
959 4587 1124 4673 tempore
1154 4571 1310 4670 l15emali
1339 4584 1379 4648 et
1412 4573 1602 4668 quodlibet
1631 4575 1745 4652 altare
1772 4581 1808 4652 in
