4556 5980
470 687 539 758 166
973 678 1282 754 REGISTRUM
1652 679 1803 776 [sucum

470 885 564 956 Item
583 887 619 956 in
636 884 737 959 sexto
755 887 789 958 la
806 885 896 958 vobo
912 885 951 953 in
967 879 1088 950 medio
1106 886 1221 969 agret
1236 888 1365 970 gamat
1381 886 1420 948 et
1438 879 1598 970 vjmidill
1615 879 1775 975 gematis
1792 916 1801 932 ·

518 1009 557 1069 et
575 998 607 1091 vj
625 997 746 1091 perllis
762 1009 802 1071 ct
816 996 941 1070 subtus
957 993 1026 1061 boo
1043 989 1068 1082 ij
1087 987 1172 1058 litiIl
1188 989 1347 1082 garnatis
1365 1027 1373 1043 ·

472 1109 567 1180 Item
584 1113 622 1182 In
640 1106 790 1204 septImo
816 1108 851 1180 le
867 1104 958 1178 vche
979 1103 1018 1170 in
1042 1099 1161 1170 medio
1174 1099 1373 1192 anamiling
1390 1099 1423 1192 vj
1441 1099 1555 1170 midill
1579 1103 1737 1196 gematis
1761 1111 1800 1171 et

520 1223 560 1314 vj.
571 1220 693 1314 perllis
708 1261 718 1279 ·
735 1230 774 1292 et
789 1217 913 1291 subtus
929 1214 956 1307 ij
975 1209 1059 1283 litill
1074 1212 1258 1306 garnatis·

472 1331 567 1402 Item
585 1330 687 1426 super
702 1331 738 1404 le
753 1321 919 1424 pendalIe
936 1323 960 1416 ij
978 1334 1060 1417 gret
1081 1323 1242 1418 garnatIs
1259 1345 1281 1394 a
1297 1331 1379 1418 gret
1396 1320 1532 1417 saphira
1549 1323 1599 1415 iiij
1618 1322 1702 1394 litill
1721 1344 1801 1416 gar-

519 1445 631 1516 nattis
647 1452 686 1516 et
701 1442 752 1535 iiij
769 1437 854 1512 litill
875 1434 1051 1529 saphiris·
1093 1514 1096 1520 ,

472 1554 567 1625 Item
585 1577 608 1622 v
624 1553 785 1646 chen3eit
801 1548 968 1644 hyngaris
984 1545 1149 1618 anamilit
1166 1568 1251 1618 oum
1268 1568 1292 1616 v
1309 1545 1456 1639 perllis·

471 1665 568 1736 Item
594 1664 699 1758 super
714 1661 828 1735 altero
846 1659 881 1732 le
898 1658 961 1730 tak
991 1695 1000 1714 ·
1025 1659 1063 1728 in
1093 1658 1193 1730 vobin
1214 1657 1395 1754 lapidibus
1420 1668 1459 1731 et
1482 1657 1600 1752 pcrllis
1621 1658 1658 1727 in
1687 1657 1803 1727 omni-

520 1777 587 1846 bus
613 1771 704 1846 ficut
732 1773 847 1846 altero
874 1769 1037 1863 exceptis
1073 1769 1098 1863 ij
1129 1769 1164 1841 le
1195 1758 1391 1866 hyngan's‘·
1411 1779 1449 1843 et
1473 1770 1496 1864 ij
1524 1768 1647 1864 perIIIs
1670 1770 1707 1839 in
1730 1768 1803 1838 fine

521 1883 676 1979 ipsorum
693 1893 779 1956 eto·
1240 1905 1245 1921 ’

473 1997 577 2069 Hanc
603 1993 973 2090 reparationemlecit
999 1992 1220 2064 reuerendus
1243 1995 1282 2066 in
1299 1990 1442 2068 Chril'w
1464 2003 1620 2090 pateret
1635 1992 1801 2063 dominus

521 2106 729 2178 Willelmus
747 2103 817 2178 Dei
835 2115 874 2178 et
891 2100 1085 2200 apostolice
1101 2099 1194 2175 sedis
1209 2105 1328 2200 gratia
1342 2102 1528 2200 episcopus
1544 2097 1802 2178 Abirdoncnlls

519 2242 562 2289 ac
592 2220 702 2290 etiam
729 2219 879 2290 donauit
896 2214 961 2312 ipsr
986 2210 1135 2289 eoeleste
1164 2211 1408 2288 Abirdonenfi
1436 2238 1542 2290 vnam
1570 2213 1726 2289 casulam
1756 2214 1802 2286 de

519 2329 601 2402 albo
619 2329 676 2402 lee
698 2324 877 2402 dammall'
884 2351 968 2400 cum
980 2327 1065 2402 alba
1079 2325 1215 2400 amictu
1239 2323 1331 2400 stola
1356 2327 1540 2423 manipulo
1557 2338 1596 2400 et
1612 2327 1691 2421 alijs
1706 2348 1802 2398 anno

521 2441 667 2513 Domini
692 2436 880 2513 millefimo
904 2435 1256 2536 quadringentefimo
1273 2435 1511 2534 octuagesrmo
1527 2440 1654 2510 odtcuo
1671 2431 1800 2509 menfis

520 2577 603 2624 vero
622 2552 846 2649 Septembris
863 2552 923 2625 die
943 2552 1184 2625 duodecimo·
1340 2575 1344 2584 ·

471 2885 642 2959 Visrtatio
658 2885 839 2958 localium
863 2879 1012 2956 ecclesre
1029 2878 1290 2954 Abirdonensrs
1315 2881 1409 2953 faita
1425 2903 1489 2976 per
1504 2883 1743 2956 venerabilem
1762 2887 1798 2956 in

469 2993 612 3069 Christo
636 3005 775 3090 patrem
807 2994 1036 3068 Willelmum
1068 2989 1309 3088 Elpbinstoun
1342 2990 1544 3089 episcopum
1577 2993 1735 3068 ciusdem
1761 3008 1799 3069 et

469 3133 533 3202 per
557 3106 754 3203 capitulum
779 3107 894 3201 primo
920 3106 979 3177 die
1003 3099 1134 3176 menfis
1159 3103 1290 3196 Marcii
1316 3127 1412 3177 anno
1439 3104 1583 3178 Domini
1610 3105 1799 3182 millesrmo

469 3215 818 3313 quadringentesrmo
838 3212 1066 3312 nonagclimo
1083 3213 1185 3288 sexto
1202 3253 1210 3272 ·

471 3421 525 3518 In
543 3444 666 3537 prioris
682 3440 951 3534 quatuordecim
968 3438 1099 3512 calleas
1115 3439 1279 3534 argentei
1296 3449 1337 3510 et
1352 3461 1476 3512 eorum
1488 3443 1610 3516 decem
1636 3445 1796 3518 deaurati

469 3559 514 3630 de
531 3575 681 3649 quorum
699 3573 849 3624 nomem
866 3551 1026 3644 quinque
1043 3550 1208 3623 furantur
1236 3590 1245 3607 ·
1277 3547 1375 3622 Item
1392 3572 1464 3623 vna
1482 3557 1666 3645 potencia
1685 3559 1798 3631 mani-

468 3670 536 3740 bus
552 3665 696 3738 reitoris
713 3662 758 3736 de
775 3661 930 3736 Kinkell
955 3658 1122 3734 restituta
1147 3661 1394 3755 pereundam
1420 3702 1430 3721 ·
1456 3660 1550 3737 Item
1575 3665 1646 3740 due
1665 3680 1797 3762 patene

468 3788 640 3876 argenteo
680 3773 853 3848 deaurata
886 3775 923 3846 ln
956 3774 1124 3846 manibus
1155 3771 1295 3846 Thomu
1328 3771 1584 3872 Tynnyngamc
1616 3780 1796 3872 quondam

469 3888 706 3963 archidiaconi
731 3925 740 3942 ·
766 3883 864 3957 Item
880 3906 991 3956 vnum
1018 3884 1230 3957 crucifixum
1255 3895 1468 3980 argenteum
1484 3887 1694 3963 deauratum
1712 3914 1795 3965 cum

470 4022 600 4098 magno
624 3997 716 4093 pede
743 4035 752 4054 ·
781 3993 878 4070 Item
905 4019 975 4068 vna
1001 4019 1091 4070 cmx
1115 3998 1153 4068 ln
1176 4019 1248 4092 qua
1268 3983 1326 4069 'ost
1348 4019 1431 4092 pars
1454 3995 1540 4096 ligni
1557 4001 1725 4076 dominici
1750 4003 1796 4076 dc

470 4121 619 4208 argento
643 4145 653 4164 ·
678 4105 775 4179 Item
809 4128 881 4179 vna
903 4129 993 4178 crux
1018 4108 1056 4179 in
1081 4131 1152 4201 qua
1180 4104 1235 4181 est
1261 4130 1345 4203 para
1378 4106 1466 4206 ligni
1496 4109 1618 4186 Saniti
1646 4114 1794 4188 Andrec

470 4224 609 4321 argenti
639 4219 802 4294 deaurati
820 4257 831 4278 ·
848 4218 1060 4314 deperditur
1088 4219 1227 4317 lIgnum
1254 4256 1264 4276 ·
1290 4216 1388 4292 Item
1401 4243 1471 4296 vna
1485 4247 1572 4298 crux
1589 4248 1671 4298 cum
1684 4249 1795 4322 pamo

471 4337 563 4432 pede
576 4345 616 4408 ct
631 4331 802 4407 crucifixo
817 4331 864 4403 dc
880 4340 1031 4426 argento
1046 4332 1219 4406 timorato
1235 4354 1320 4405 cum
1342 4345 1496 4426 quatuor
1509 4338 1734 4434 ymaginibus
1749 4339 1795 4414 de

472 4444 622 4521 eorrella
640 4497 650 4518 .
668 4443 765 4517 Item
777 4464 849 4516 vna
864 4463 953 4516 crux
969 4441 1017 4516 de
1032 4457 1182 4539 argento
1198 4444 1372 4518 dmumto
1387 4468 1472 4519 oum
1488 4448 1601 4522 tribus
1617 4447 1793 4546 lapidibus

473 4560 571 4654 ligno
592 4557 794 4652 coopertIs·
813 4551 909 4627 Item
926 4576 997 4629 vna
1012 4578 1101 4628 crux
1118 4557 1164 4630 do
1187 4553 1366 4632 auricalco
1389 4595 1400 4616 ·
1426 4557 1517 4632 Item
1534 4583 1625 4634 mus
1640 4563 1794 4636 emulus
