4564 5968
489 698 557 768 146
1004 690 1312 766 REGISTRUM
1665 694 1819 791 [ancum

489 893 605 990 [Item
633 907 786 988 quatuor
801 893 1013 967 candelabra
1032 892 1148 964 ferrea
1164 914 1210 963 ex
1229 891 1325 962 dono
1343 885 1497 984 magistri
1517 889 1668 966 Henrioi
1688 893 1819 987 Rynde

539 1004 744 1101 thesaurarij
763 1001 1041 1079 Abirdonenfis·

488 1119 585 1192 Item
603 1143 673 1193 vna
689 1145 774 1216 pera
795 1117 906 1192 serica
930 1119 1132 1213 margaritis
1158 1113 1290 1187 inserta
1316 1137 1361 1185 ox
1387 1115 1578 1186 donatione
1605 1118 1820 1190 venerabilis

538 1233 604 1304 viri
621 1231 778 1328 magistri
796 1233 932 1304 Thome
952 1230 1116 1304 Ednamo
1134 1229 1315 1324 quondam
1332 1227 1489 1299 canonici
1508 1225 1776 1298 Aberdononiis
1796 1269 1803 1284 ·

489 1568 767 1640 Memorandurn
797 1562 898 1660 qnod'
928 1569 1049 1638 omnia
1083 1567 1211 1639 iooalia
1246 1563 1476 1660 iirprascripta
1506 1575 1649 1656 reporta
1679 1577 1718 1635 et
1749 1565 1820 1636 viiia

538 1691 642 1752 erant
659 1681 743 1771 xxvj
763 1680 822 1748 dio
842 1677 1024 1770 Februarij
1051 1701 1148 1749 anno
1167 1677 1314 1748 Domini
1333 1671 1516 1748 miliesrmo
1541 1676 1819 1771 quadringento-

537 1786 625 1861 fimo
643 1785 881 1882 oiiuageiimo
899 1790 1013 1882 primo
1031 1830 1040 1846 ·
1421 1789 1423 1794 ’

489 1902 765 1973 Memorandnm
797 1900 890 1992 quod
910 1901 1030 1970 omnia
1058 1895 1123 1970 ista
1148 1899 1276 1972 iooalia
1293 1915 1331 1974 et
1348 1903 1463 1972 omnio
1488 1901 1559 1973 alia
1584 1913 1758 1972 contenta
1782 1903 1816 1971 in

536 2015 685 2104 antiquo
721 2011 811 2082 libro
838 2013 972 2105 papirio
997 2008 1070 2082 visa
1096 2023 1135 2082 et
1157 2007 1298 2084 ostensa
1323 2030 1424 2084 erant
1448 2015 1576 2106 quinto
1601 2015 1661 2084 die
1687 2012 1817 2084 meniis

538 2123 665 2214 Marcij
685 2147 779 2194 anno
799 2122 944 2192 Domini
962 2127 1012 2192 ιη’
1025 2128 1145 2193 ccccm
1156 2119 1394 2218 oauagefimo
1408 2121 1533 2196 sexto·

491 2237 584 2308 item
603 2258 711 2305 vnum
732 2257 880 2328 paruum
899 2232 1039 2304 coclear
1055 2244 1268 2328 argenteum
1288 2235 1410 2306 (iatum
1429 2259 1491 2328 per
1507 2236 1683 2309 'rhomam
1704 2237 1790 2308 l’rao
1809 2277 1817 2294 ·

488 2347 763 2420 Memorandunr
789 2345 882 2437 qnod
910 2341 975 2416 ista
1005 2345 1132 2417 iooaiia
1157 2357 1196 2417 et
1222 2348 1344 2417 omnia
1372 2347 1438 2418 alia
1464 2359 1637 2419 contenta
1664 2353 1700 2419 in
1728 2349 1818 2420 libro

534 2462 683 2554 antiquo
714 2459 849 2553 papirio
877 2453 948 2528 visa
972 2469 1012 2528 ot
1036 2451 1177 2530 ostensa
1201 2472 1306 2530 erant
1331 2480 1402 2528 xxv
1429 2458 1486 2529 dio
1513 2458 1697 2552 Februarij
1724 2483 1818 2532 ormo

537 2571 683 2644 Domini
701 2576 774 2641 nr¹⁰
798 2573 916 2641 cooc¹⁰
939 2563 1181 2664 nonagesimo
1198 2565 1352 2663 septimo
1370 2612 1377 2623 -

487 2683 765 2755 Memorandnm
796 2683 889 2776 quod
922 2684 1042 2754 onmia
1069 2679 1138 2753 ista
1166 2681 1294 2754 iocaiia
1310 2677 1445 2752 ostoniir
1472 2696 1510 2752 ot
1542 2696 1686 2776 reporta
1711 2700 1814 2757 onrrrt

534 2799 587 2889 iij·
598 2798 657 2868 die
675 2797 804 2888 Maroij
822 2818 916 2866 anno
936 2794 1083 2865 Domini
1102 2805 1172 2867 etc.
1190 2793 1322 2867 lxxxix
1341 2834 1349 2850 ·

487 2908 765 2980 Mornorandum
776 2907 870 3000 quod
883 2909 1002 2976 omnia
1016 2904 1082 2977 ista
1100 2906 1228 2979 ionalia
1244 2900 1382 2977 ostensa
1394 2919 1430 2978 et
1447 2919 1589 3001 reporta
1602 2923 1707 2980 oront
1726 2913 1815 3004 xxij'·

536 3019 718 3110 Februarij
737 3041 831 3088 armo
851 3014 1036 3112 [nocco]
1056 3012 1311 3111 nonagesrmo·

486 3130 763 3202 Memorandum
790 3129 883 3222 qumi
903 3131 1023 3199 omnia
1049 3129 1176 3200 iocaiia
1201 3128 1432 3223 suprascripta
1462 3128 1600 3204 ostensa
1617 3147 1656 3205 ot
1675 3151 1815 3228 reporta

533 3255 637 3314 orant
654 3244 703 3332 xij
722 3241 780 3312 dio
800 3240 928 3330 Maroij
946 3263 1042 3310 armo
1063 3239 1208 3312 Domini
1228 3255 1297 3312 otc.
1318 3241 1542 3338 nonagorimo
1561 3247 1676 3340 primo
1694 3287 1704 3305 ·

485 3355 761 3428 ‚iierrrorandnnr
779 3354 872 3446 quod
892 3353 1012 3422 omnin
1038 3351 1164 3424 iocalia
1190 3351 1421 3448 suprascripta
1444 3353 1582 3430 ostoniir
1608 3371 1646 3430 ot
1674 3375 1814 3452 rora-rto

531 3478 635 3538 orant
662 3468 771 3558 xxrj¹⁰
805 3467 863 3534 «iio
895 3464 1074 3555 i'oirrnorij
1101 3487 1197 3536 anno
1234 3465 1379 3537 Domini
1409 3483 1476 3541 eto.
1510 3466 1740 3564 nonagesrmo
1765 3473 1815 3544 so·

531 3580 675 3650 cunio·

482 3691 761 3763 Memorandum
779 3690 873 3781 qnod
905 3692 1025 3762 omnia
1053 3689 1253 3786 supradista
1282 3693 1406 3764 iocaiix
1433 3691 1573 3766 ostensa
1602 3708 1642 3768 et
1669 3715 1813 3791 roperta

530 3815 633 3874 erant
650 3803 723 3894 xvij
743 3799 927 3893 Februarii
945 3825 1040 3873 arrno
1058 3817 1128 3874 otc.
1147 3803 1377 3898 nonngoiimo
1394 3808 1500 3876 tortio
1518 3845 1526 3862 ·

480 3913 758 3986 Monrorandum
770 3914 864 4004 quod
883 3915 1003 3984 omnio
1022 3913 1151 3986 ionalia
1167 3911 1369 4008 iirpradieia
1384 3913 1519 3990 ostensa
1530 3917 1652 3992 risaei
1669 3938 1811 4017 reperta

528 4023 611 4098 sunt
628 4047 691 4118 por
707 4024 964 4096 tiroiirurnrium
979 4039 1017 4098 ot
1029 4027 1320 4099 archidiaconum
1340 4040 1377 4098 ot
1393 4031 1562 4102 restorem
1576 4033 1621 4104 do
1635 4032 1719 4106 Cion
1732 4037 1811 4130 niijs

529 4160 624 4208 nono
641 4136 700 4208 die
718 4131 848 4206 moniis
867 4135 996 4230 Maroij
1014 4161 1110 4210 anno
1128 4153 1199 4210 eto.
1220 4139 1415 4233 lxxxxiiij.

478 4253 553 4342 xxij
575 4249 756 4341 Februarii
782 4271 876 4318 armo
897 4247 1043 4320 Domini
1063 4256 1113 4322 m'
1137 4263 1208 4324 etc.
1226 4252 1401 4344 lxxxxvi·
1423 4253 1494 4329 riiir
1512 4259 1659 4330 suerunt
1684 4263 1810 4334 iocaiia

527 4363 685 4459 prediola
702 4383 766 4456 por
791 4383 855 4430 nos·
880 4360 1056 4434 decanum
1084 4401 1092 4420 ·
1121 4377 1335 4437 cantorem·
1355 4364 1607 4441 thesaurarium
1627 4411 1636 4428 ·
1656 4379 1810 4446 restores

526 4477 572 4547 rio
589 4472 673 4548 crat
694 4473 882 4568 Banoirory
903 4471 1000 4568 Doyr
1017 4487 1055 4546 ot
1076 4473 1245 4570 bonmoy
1264 4474 1293 4571 ·]
