4546 5922
464 599 536 668 300
985 591 1294 669 REGISTRUM
1651 597 1805 694 [sucum

465 792 612 885 poribus
636 793 851 868 celebranda
879 817 945 891 pro
962 795 1083 868 anima
1098 792 1277 865 Jobannis
1300 792 1477 888 quondam
1494 795 1637 866 comitis
1654 795 1699 866 do
1716 793 1803 867 Mar

465 913 504 975 et
521 905 679 979 Garioob
695 916 735 980 et
752 931 816 1004 pro
833 909 955 981 anima
971 893 1181 1003 Mar'garete
1198 905 1287 977 olim
1304 906 1425 1001 regine
1441 902 1565 976 Scotie
1590 903 1741 974 oriundo
1757 904 1804 975 do

465 1015 655 1091 Denmark
671 1043 737 1114 pro
750 1021 942 1094 fundatore
960 1018 1119 1092 eiusdem
1132 1042 1175 1092 uo
1186 1041 1253 1114 pro
1267 1017 1451 1090 animabus
1463 1015 1625 1087 omnium
1642 1012 1802 1086 fidelium

463 1130 716 1205 defuuaorum
740 1140 780 1204 et
804 1134 843 1204 in
861 1131 1004 1206 lauacro
1029 1129 1130 1206 misse
1149 1128 1230 1227 post
1247 1130 1401 1203 officium
1424 1130 1469 1201 de
1494 1126 1679 1222 profundis
1704 1145 1804 1194 more

462 1239 567 1316 solito
585 1254 624 1316 et
639 1241 812 1316 consueto
830 1267 902 1316 vna
917 1268 1003 1316 oum
1020 1247 1183 1339 exequiis
1201 1244 1448 1317 defuuttorum
1464 1237 1696 1330 solempniter
1711 1233 1806 1304 eele-

462 1352 607 1426 brandis
631 1355 672 1425 ix
692 1353 889 1425 lettiouum
915 1380 999 1428 cum
1025 1359 1258 1452 reputatione
1283 1358 1384 1452 teroij
1400 1348 1604 1448 responsarij
1630 1344 1740 1420 semel
1764 1347 1803 1415 in

461 1488 557 1537 anno
575 1462 724 1560 singulis
741 1465 845 1535 annis
861 1471 1048 1558 perpetuis
1064 1469 1197 1541 suturis
1213 1469 1434 1562 temporibus
1458 1472 1565 1561 prout
1582 1465 1619 1534 in
1637 1468 1801 1532 extremo

461 1577 595 1648 iudicio
608 1597 728 1647 coram
740 1571 878 1645 summo
892 1577 1011 1647 iudico
1024 1575 1239 1671 respondero
1247 1580 1463 1653 voluerimus
1473 1619 1483 1636 ·
1495 1576 1540 1648 In
1554 1577 1656 1648 ouius
1666 1573 1718 1644 rei
1729 1563 1798 1644 tes·

460 1687 653 1758 timonium
667 1680 825 1779 sigillum
837 1680 998 1756 nostrum
1011 1710 1204 1761 commune
1219 1692 1362 1784 prefate
1373 1691 1497 1762 domus
1509 1686 1732 1784 presentibus
1744 1677 1798 1756 ost

460 1792 657 1890 appensum
669 1795 766 1888 apud
779 1791 940 1866 nostrum
954 1795 1211 1870 monasterium
1225 1802 1270 1872 do
1281 1801 1450 1875 Aberden
1460 1804 1588 1895 quinto
1600 1800 1659 1872 die
1670 1790 1802 1869 mensrs

461 1902 618 2002 Augusti
629 1906 726 1978 auno
740 1905 888 1978 Domini
900 1927 1201 1982 mccccaxxxw
1214 1949 1223 1967 ·
1235 1935 1356 1984 eoram
1364 1913 1432 1985 biis
1444 1909 1595 1985 testibus
1608 1909 1798 1984 videlieet·

462 2017 542 2090 Nos
559 2018 671 2090 frater
686 2017 711 2088 J
713 2018 873 2090 ohannes
891 2017 1019 2114 Peuny
1036 2022 1133 2115 prior
1149 2017 1252 2094 testis
1276 2045 1386 2095 manu
1408 2025 1575 2116 propria·
1595 2021 1673 2116 Ego
1689 2021 1801 2093 frater

461 2129 642 2203 Heurious
658 2128 812 2203 Jaosone
829 2128 1008 2203 subscribo
1026 2133 1165 2205 ratifico
1182 2142 1221 2204 et
1238 2135 1395 2228 approbo
1410 2157 1519 2206 manu
1536 2135 1702 2227 propria·
1720 2130 1799 2226 Ego

456 2245 568 2314 frater
581 2242 749 2315 Andreas
767 2241 935 2316 Sauoster
951 2241 1054 2316 testis
1072 2267 1182 2317 manu
1200 2248 1366 2341 propria·
1380 2245 1427 2317 Et
1444 2268 1511 2341 ego
1528 2245 1639 2316 frater
1652 2241 1798 2314 Wiiiei·

456 2379 538 2428 mus
554 2354 703 2428 thlek
723 2350 888 2428 similiter
904 2396 913 2414 ·
933 2354 984 2428 Et
1004 2381 1072 2452 ego
1097 2358 1211 2432 frater
1227 2356 1352 2431 Dauid
1366 2357 1513 2430 Andree
1539 2352 1702 2427 similiter
1718 2393 1727 2410 ·
1746 2351 1797 2425 Et

456 2491 523 2564 ego
540 2468 653 2540 irater
664 2465 833 2539 Andreas
846 2465 1005 2563 Kynlois
1014 2466 1179 2542 similiter
1192 2509 1201 2528 ·
1215 2469 1266 2542 Et
1283 2493 1351 2566 ego
1365 2468 1477 2542 frater
1489 2467 1653 2540 Andreas
1669 2464 1796 2538 Forras

457 2576 640 2652 similiter·
653 2578 704 2650 Et
717 2602 784 2675 ego
795 2577 1008 2674 Nyeholaus
1018 2581 1151 2653 Brown
1165 2577 1332 2655 similiter
1343 2623 1352 2641 ·
1365 2581 1412 2653 Et
1425 2604 1491 2677 ego
1505 2581 1614 2652 frater
1625 2576 1796 2672 Mycboel

457 2691 590 2765 Fotidis
607 2687 797 2764 similiter·
815 2690 866 2765 Et
887 2715 956 2788 ego
981 2693 1093 2766 irater
1115 2693 1305 2768 iohannes
1322 2693 1426 2768 Vode
1447 2689 1611 2764 similiter
1627 2731 1637 2750 ·
1656 2689 1706 2764 Et
1727 2713 1796 2784 ego

456 2805 567 2877 frater
583 2802 763 2898 Georgius
781 2801 876 2899 Crog
894 2799 1059 2878 similiter
1074 2843 1083 2862 ·
1100 2816 1184 2878 eto·

453 3138 641 3237 Obligatio
659 3135 828 3211 Fratrum
845 3137 1123 3212 carmelitarum
1140 3140 1186 3213 de
1203 3135 1315 3212 missis
1331 3138 1576 3214 oeiebrandis·

454 3341 652 3437 Vniueriis
662 3374 702 3435 et
716 3357 863 3458 singuiis
876 3360 997 3434 sande
1007 3365 1132 3436 matris
1149 3359 1299 3436 eoeleste
1315 3363 1395 3459 filij·
1411 3364 1456 3436 od
1472 3387 1624 3457 quorum
1642 3368 1792 3440 noticias

453 3475 637 3573 preliantes
654 3474 779 3546 littere
795 3476 1031 3569 peruenerint
1053 3497 1119 3546 nos
1136 3476 1249 3548 frater
1272 3474 1297 3549 J
1299 3476 1455 3550 ohannes
1472 3474 1626 3571 Rottray
1646 3477 1792 3552 humilis

451 3591 549 3685 prior
558 3587 694 3661 ordinis
710 3583 989 3658 carmelitarum
1007 3588 1054 3660 de
1065 3586 1254 3660 Abirdene
1275 3597 1314 3660 et
1330 3597 1528 3660 conuentus
1545 3584 1702 3661 eiusdem
1720 3612 1791 3664 sna

452 3723 536 3774 oum
552 3696 725 3774 consensu
738 3707 778 3770 et
790 3695 928 3770 assensu
945 3697 1159 3771 venerabilis
1169 3697 1330 3796 magistri
1343 3697 1459 3770 fratris
1467 3697 1644 3773 Jobaunis
1655 3697 1788 3774 Waieb

451 3809 683 3907 prouinciaiis
700 3811 814 3883 totius
829 3811 967 3883 ordinis
982 3809 1261 3884 Carurelitnrum
1277 3833 1344 3906 per
1354 3819 1470 3882 totum
1486 3833 1638 3906 regnum
1660 3811 1788 3888 Scocie

451 3923 605 3998 salutem
618 3959 628 3980 ·
640 3921 811 4008 Quumrt
823 3917 1063 4016 aitapostolus
1074 3945 1200 3996 ornnes
1210 3917 1381 3995 flabimm
1388 3929 1474 3996 anto
1484 3922 1639 3995 tribunal
1652 3923 1788 3998 domini

452 4033 561 4108 nostri
576 4031 682 4108 Iebsu
700 4029 833 4108 Obristi
850 4035 1030 4130 recepturi
1048 4044 1156 4130 prout
1170 4036 1211 4108 in
1227 4055 1374 4130 corporo
1386 4028 1554 4130 gessimus
1566 4030 1640 4108 iius
1652 4035 1787 4110 bonum

452 4151 562 4222 suerit
575 4143 650 4220 siue
662 4145 800 4218 malum
819 4143 942 4220 ·Hine
959 4143 1122 4242 estquod
1138 4141 1310 4242 magister
1324 4143 1456 4240 Symon
1469 4144 1786 4222 Dodiseauonicus

449 4255 599 4334 eoeleste
609 4255 827 4333 cathedralis
843 4255 1113 4332 Aberdonensrs
1124 4283 1168 4332 ao
1183 4257 1437 4354 prebendarius
1449 4258 1496 4330 de
1506 4256 1729 4356 Inueruothy
1746 4263 1784 4336 in

449 4381 687 4470 augmentum
711 4369 825 4442 diuini
844 4369 966 4444 cuitus
986 4381 1025 4444 et
1044 4370 1354 4468 supportationem
1368 4372 1589 4466 paupertatis
1610 4373 1784 4467 proditio·

449 4505 527 4556 rum
538 4484 692 4556 fratrum
703 4491 742 4556 et
752 4491 957 4556 conuentus
967 4479 1126 4558 eiusdem
1137 4483 1243 4557 nobis
1252 4483 1439 4559 mriutiue
1448 4504 1576 4557 manus
1583 4489 1783 4578 porrexerit
