4564 5968
498 769 582 864 xv.]
967 773 1370 850 ABERDONENSE.
1769 779 1838 849 159

496 967 618 1061 potale
629 978 797 1044 notatum
813 975 860 1048 od
873 971 1018 1048 stallum
1032 978 1078 1048 de
1092 975 1177 1049 ciat
1189 976 1362 1048 donatum
1376 997 1439 1068 per
1452 973 1607 1043 eundem
1624 972 1663 1042 in
1679 966 1837 1062 secundo

497 1078 583 1149 folio
603 1077 829 1179 Tespziituc·
848 1088 883 1157 d
901 1087 1030 1160 Vnum
1046 1089 1265 1160 breuiarium
1290 1088 1335 1158 ad
1352 1085 1464 1158 altare
1482 1081 1604 1154 Sandoi
1621 1081 1773 1154 Androe
1798 1085 1835 1152 in

496 1186 652 1264 secundo
666 1195 752 1268 folio
765 1196 1087 1273 Pciaiooommamis
1099 1221 1147 1270 ex
1160 1200 1354 1270 donatione
1366 1193 1524 1267 ciusdem
1541 1231 1550 1250 ·
1565 1193 1692 1266 Vnum
1705 1189 1836 1286 psalte-

496 1303 588 1374 rium
601 1305 640 1376 in
652 1303 808 1383 secundo
822 1313 909 1384 folio
922 1310 995 1408 Ipst
1010 1311 1048 1382 in
1064 1311 1125 1383 deo
1142 1310 1217 1380 eius
1229 1309 1413 1404 ligandum
1429 1307 1475 1378 ad
1486 1307 1600 1379 altaro
1610 1305 1834 1378 antedictum

496 1413 619 1488 Sanni
643 1419 793 1495 Andrce
818 1425 865 1496 ad
881 1423 1150 1516 beneplacitum
1167 1419 1230 1512 filij
1247 1417 1300 1490 sui
1317 1415 1474 1514 magistri
1495 1417 1663 1490 Duncani
1681 1416 1836 1490 Scherar

494 1529 719 1628 prebendarij
733 1535 779 1607 dc
789 1534 896 1608 Clat-

946 1867 1062 1939 lnnm
1080 1887 1344 1940 1nn1sc1mn1s
1362 1910 1369 1925 ·

494 2080 698 2202 Digestum
716 2113 822 2176 vetus
847 2107 885 2177 in
909 2103 1066 2177 secundo
1091 2105 1177 2176 folio
1200 2103 1398 2203 Ncyirorum
1427 2105 1638 2178 ordinatione
1663 2106 1700 2176 in
1727 2115 1832 2177 textu

491 2216 760 2292 Prcmunircnt·
779 2216 814 2285 d
832 2215 988 2290 Ledura
1005 2215 1110 2311 super
1134 2218 1258 2290 codice
1284 2219 1456 2313 incipiens
1480 2216 1566 2291 Cum
1582 2219 1653 2315 post
1671 2230 1710 2290 et
1727 2221 1764 2289 in
1783 2214 1834 2289 se-

490 2331 608 2401 condo
625 2328 712 2398 folio
726 2326 934 2424 Quandoque
941 2329 1109 2425 ponitur·
1126 2328 1161 2398 d
1172 2327 1378 2422 Apparatus
1395 2329 1500 2425 snper
1512 2333 1635 2404 codice
1648 2341 1687 2404 ct
1705 2333 1831 2424 incipit

489 2438 594 2513 «lucia
608 2463 743 2534 operam
762 2448 801 2510 ei
818 2441 855 2511 in
868 2437 1024 2512 secundo
1041 2440 1127 2511 folio
1146 2438 1246 2530 Quod
1258 2445 1410 2540 ootssore
1426 2479 1435 2498 ·
1453 2439 1642 2538 Digestnm
1660 2437 1766 2514 nctus
1780 2445 1833 2514 in·

488 2553 578 2645 cipit
594 2553 633 2622 in
648 2548 804 2622 secundo
820 2551 908 2622 folio
922 2549 1024 2641 Quod
1030 2551 1276 2627 ooinmuniocro
1285 2579 1351 2627 aon
1362 2555 1457 2650 poffit
1470 2595 1479 2612 ·
1493 2549 1684 2650 Digestum
1695 2577 1831 2625 nouum

490 2664 535 2735 de
551 2663 647 2734 dono
664 2659 824 2756 magistri
840 2661 980 2734 Thomc
998 2659 1142 2736 Forstor
1158 2667 1195 2735 in
1211 2662 1365 2736 secondo
1383 2665 1468 2736 folio
1484 2668 1523 2736 in
1540 2675 1649 2736 textu
1669 2662 1834 2736 Prodide-

488 2785 545 2847 tur
560 2813 569 2832 ·
587 2775 621 2844 d
639 2774 764 2846 Codex
785 2775 823 2845 in
850 2773 1006 2847 secundo
1033 2775 1119 2847 folio
1138 2779 1174 2848 in
1201 2787 1307 2848 textu
1332 2775 1416 2849 Com
1432 2777 1570 2848 minime
1584 2775 1833 2871 odeeeifnninr·

488 2885 522 2956 d
541 2884 652 2958 Casus
668 2885 765 2982 longi
784 2883 911 2982 digesti
930 2889 1015 2958 noui
1033 2897 1072 2959 et
1084 2888 1263 2961 iniorcioti
1281 2892 1318 2961 in
1336 2889 1490 2962 secundo
1507 2888 1593 2960 solio
1610 2885 1691 2958 Νοιι
1704 2885 1831 2960 habco·

487 2998 684 3070 dSummn
695 2997 856 3069 Roii'redi
868 3001 955 3070 iuris
969 2999 1086 3072 ciuilis
1099 3001 1135 3070 in
1145 2998 1390 3073 secundofolio
1402 2999 1553 3095 donstc·
1567 2999 1601 3069 (I
1613 2997 1833 3094 Cuiassnpcr

487 3113 648 3183 codicem
662 3111 698 3182 in
712 3108 819 3182 litora
828 3109 988 3182 multum
1000 3124 1169 3184 eumenio
1179 3116 1216 3184 in
1227 3111 1382 3186 secundo
1395 3113 1481 3184 solio
1500 3111 1563 3186 Via
1577 3153 1586 3170 ·
1601 3113 1635 3180 d
1646 3110 1774 3183 Codex
1785 3114 1830 3183 do

488 3224 582 3294 dono
607 3218 766 3318 magistri
792 3221 931 3295 Thome
950 3220 1094 3296 Frostor
1118 3227 1156 3296 in
1183 3224 1337 3298 secundo
1362 3228 1398 3297 in
1424 3227 1533 3296 rubro
1557 3217 1830 3321 dejdcrffoadiis

488 3334 628 3430 ecclestjs
646 3375 654 3392 ·
667 3357 741 3405 non
753 3337 934 3428 reperitur
946 3373 955 3392 ·
968 3335 1002 3404 d
1017 3334 1128 3409 Liber
1136 3338 1268 3409 codicis
1282 3361 1329 3409 ex
1341 3337 1435 3408 dono
1452 3333 1611 3408 eiusdem
1625 3339 1662 3408 in
1672 3334 1829 3408 secundo

487 3447 574 3520 folio
592 3451 629 3519 in
648 3445 757 3518 rubro
773 3439 1057 3546 dcsaezcrosondiis
1081 3449 1241 3547 episcopis
1265 3461 1305 3521 ct
1329 3451 1367 3520 in
1394 3453 1495 3545 nigro
1519 3451 1646 3544 incipit
1665 3446 1742 3521 Hac
1757 3451 1829 3542 cst·

488 3557 677 3657 Digestnm
695 3582 831 3630 nouum
850 3561 888 3631 in
903 3559 1058 3632 secundo
1070 3561 1156 3633 folio
1175 3560 1345 3660 Opusficd
1359 3571 1428 3634 cic·

1055 3898 1215 3970 Jocnnni
1234 3939 1242 3956 ·

485 4111 540 4210 In
557 4137 681 4231 primis
695 4136 821 4208 decem
838 4135 969 4209 calices
985 4135 1148 4231 argentei
1165 4135 1327 4208 deaurati
1345 4173 1354 4192 ·
1369 4135 1416 4208 Et
1429 4137 1554 4208 decem
1572 4148 1706 4232 patene
1720 4139 1829 4210 deau-

484 4259 561 4322 rate
588 4257 628 4321 et
654 4271 725 4321 vnn
755 4258 888 4342 patena
918 4257 1086 4320 mutuata
1113 4249 1149 4319 in
1180 4247 1283 4320 Ronc
1312 4272 1377 4343 per
1408 4247 1616 4344 magistrum
1651 4249 1827 4323 'flaomam

482 4362 694 4458 Tynnygnm
711 4400 720 4419 ·
735 4358 770 4432 d
783 4359 880 4433 Item
892 4385 962 4433 nnc
975 4369 1107 4455 patena
1119 4360 1166 4432 de
1179 4381 1330 4432 nomem
1344 4359 1485 4432 iliarum
1499 4362 1675 4434 diciorum
1687 4363 1829 4456 perdita

483 4497 548 4570 per
560 4473 717 4546 eundem
734 4472 1026 4546 archidiaconum
1043 4473 1080 4543 in
1098 4470 1165 4544 hac
1183 4467 1334 4544 ecclesia
1350 4513 1359 4530 ·
1378 4471 1413 4544 d
1430 4472 1711 4547 Memorandom
1730 4476 1827 4568 quod

484 4609 578 4659 vnua
594 4586 640 4658 de
653 4583 864 4680 supradidiia
878 4584 1050 4658 calicibus
1074 4606 1157 4658 cnm
1175 4594 1306 4680 patena
1323 4607 1387 4680 per
1399 4583 1606 4680 magistrum
1620 4584 1827 4660 Johanncm

483 4699 568 4773 ciat
579 4699 788 4794 deperditus
801 4719 865 4792 pro
879 4694 951 4792 quo
962 4695 1035 4791 ipsc
1046 4695 1203 4771 contulit
1212 4718 1347 4768 nouum
1362 4737 1370 4754 ·
1385 4696 1421 4767 d
1434 4695 1529 4769 Item
1544 4695 1713 4795 magister
1725 4697 1829 4774 Hen-
