4564 5968
493 703 563 768 182
1012 695 1318 770 REGISTRUM
1674 701 1827 798 [sucum
1892 735 1897 744 ·

543 896 686 971 Monilc
702 900 779 970 auri
807 921 888 972 cum
920 894 1035 967 tribus
1058 892 1178 963 rubeis
1195 900 1234 963 ot
1259 893 1400 964 duabus
1427 899 1632 988 margaratis
1658 899 1825 992 ponderis

491 1009 641 1082 duarum
659 1013 844 1084 unciarum
862 1029 944 1080 oum
962 1003 1160 1075 dimediata
1177 1011 1217 1073 vt
1232 998 1398 1076 alleritur
1413 1004 1503 1076 dono
1520 1009 1622 1078 cuius
1639 1009 1824 1104 ignoratur

491 1118 550 1192 scd
567 1118 810 1216 cuiuscunque
826 1120 896 1190 fuit
913 1117 1001 1186 deus
1013 1111 1223 1186 misercatur
1238 1117 1359 1188 anime
1376 1113 1460 1187 sue·

531 1231 704 1304 Anuulus
720 1231 862 1326 argenti
875 1248 958 1298 cum
969 1247 1101 1320 magno
1118 1227 1238 1320 capita
1261 1227 1387 1299 uiridis
1404 1227 1527 1299 coloris
1544 1232 1735 1302 continens
1748 1241 1822 1304 iras

490 1365 618 1435 paruas
626 1345 811 1438 ymagines
825 1337 985 1412 crucifixi
1003 1338 1088 1408 diua
1106 1339 1255 1433 virginis
1269 1337 1390 1410 Maria
1403 1349 1441 1412 et
1451 1341 1523 1412 diui
1536 1341 1714 1414 dohannis
1726 1343 1821 1416 dono

488 1457 591 1527 cuius
607 1451 771 1527 limilitor
786 1455 971 1546 ignoratur
987 1451 1154 1542 ponderis
1171 1452 1282 1522 trium
1296 1463 1497 1544 quartamm
1517 1455 1621 1525 uncia
1637 1493 1646 1510 ·

537 1565 681 1638 Tertius
698 1561 854 1637 annulus
878 1564 1018 1656 argenti
1036 1583 1119 1633 cum
1133 1563 1289 1655 quodam
1306 1561 1425 1656 lapide
1441 1565 1561 1659 ignoto
1584 1566 1715 1638 modici
1733 1588 1821 1660 pon-

488 1679 582 1750 deris
608 1681 645 1749 in
664 1675 873 1747 memoriam
885 1684 1049 1743 veterum
1068 1675 1353 1746 inuentariorum
1373 1716 1381 1733 ·

529 1789 628 1861 Crux
647 1781 788 1880 argenti
815 1786 987 1855 deaurata
1011 1806 1119 1877 opcrc
1147 1783 1396 1856 Ibernicorum
1415 1789 1525 1860 tribus
1543 1787 1721 1883 lapidibus
1746 1812 1819 1862 non

428 1983 433 1994 ,
486 1901 603 1972 dicam
617 1892 783 1992 preciosus
796 1897 833 1967 in
847 1892 992 1989 capsula
1004 1892 1140 1966 inclusa
1153 1894 1274 1990 lignea
1290 1897 1456 1989 ponderis
1471 1900 1620 1970 duarum
1634 1903 1818 1974 unciarum

485 2033 567 2082 cum
586 2020 714 2102 quarta
728 2019 832 2102 parte
849 2007 952 2078 uncic
970 2045 978 2063 ·

534 2121 729 2192 Brachium
759 2119 834 2190 diui
861 2113 1069 2212 Fergusrani
1094 2128 1246 2212 argento
1271 2132 1479 2214 coopertum
1508 2121 1641 2217 absque
1665 2121 1817 2196 holliolo

484 2256 566 2304 cum
584 2231 765 2324 aliquibus
782 2229 960 2325 lapidibus
973 2225 1033 2300 sed
1044 2229 1170 2322 quales
1183 2232 1370 2326 ignoratur
1441 2233 1605 2327 ponderis
1615 2237 1816 2310 ododccim

487 2341 973 2416 unciarumcumdimcdiata
1091 2343 1817 2440 crediturdauotioucpopuliautrclioris

484 2457 529 2528 dc
540 2455 688 2550 Skayac
701 2464 767 2527 aul
780 2452 890 2548 Dyise
907 2454 1081 2526 donatum
1099 2508 1109 2528 .

534 2563 898 2640 Paruamonstranlia
910 2567 1051 2661 argenti
1069 2566 1242 2640 deaurata
1257 2569 1360 2639 cuius
1377 2565 1531 2662 superior
1550 2594 1631 2664 pars
1648 2575 1817 2649 amicitur

483 2675 639 2750 cristallo
657 2699 741 2752 cum
757 2677 939 2771 aliquibus
955 2675 1114 2772 reliquiJs
1127 2678 1328 2750 liundorum
1342 2681 1380 2751 in
1392 2681 1512 2754 codem
1532 2696 1571 2755 vt
1587 2686 1645 2777 pic
1657 2686 1817 2762 creditur

482 2790 650 2884 ponderis
676 2811 760 2861 cum
786 2784 944 2862 crillcllo
967 2798 1009 2860 ct
1032 2789 1194 2883 reliquijs
1210 2789 1291 2861 osto
1309 2793 1490 2864 unciarum
1510 2817 1592 2866 cum
1620 2796 1817 2874 dimediata

482 2925 565 2974 oum
583 2898 665 2972 ocio
679 2899 858 2994 lapidibus
875 2901 911 2972 in
929 2901 1219 2972 circumferentia
1237 2939 1245 2958 ·

525 3013 607 3085 Dua
632 3035 763 3084 corono
779 3013 918 3105 argcnti
945 3007 1050 3102 super
1067 3013 1187 3104 capito
1210 3015 1419 3108 ymaginum
1436 3017 1517 3088 diuo
1535 3021 1681 3114 virginis
1694 3035 1733 3094 et
1751 3025 1814 3118 lilij

481 3127 558 3196 cius
583 3145 667 3197 curn
690 3122 874 3194 nonnullis
899 3123 1076 3218 lapidibus
1094 3125 1235 3195 vitrinis
1262 3137 1300 3196 vt
1326 3139 1472 3220 apparet
1496 3132 1662 3222 ponderis
1687 3136 1813 3229 uiginti

482 3257 665 3308 unciarum
685 3289 694 3306 .

516 3349 626 3443 Lapis
643 3345 858 3420 cristallinus
871 3372 934 3442 pro
958 3349 1049 3444 poda
1066 3351 1243 3442 ymaginis
1261 3349 1514 3444 deargentatas
1530 3377 1612 3424 cum
1630 3355 1709 3450 ulijs
1726 3360 1815 3433 duo·

479 3461 546 3534 bus
564 3459 743 3556 lapidibus
760 3457 961 3532 cristallinis
979 3463 1023 3532 ad
1041 3461 1197 3532 eundcm
1216 3459 1385 3532 effecum
1403 3501 1412 3518 ·

525 3571 626 3644 Pixis
643 3573 803 3644 eburnea
820 3595 901 3644 cum
922 3572 1114 3644 luminibus
1130 3573 1270 3666 argenti
1289 3595 1337 3644 cx
1356 3585 1507 3665 quatuor
1530 3578 1671 3673 angulis
1687 3607 1813 3657 carens

477 3685 597 3758 madio
613 3687 836 3778 coopertorio
855 3726 862 3742 ·

518 3795 645 3869 Vnum
657 3795 695 3890 ly
707 3798 798 3869 rchc
810 3799 948 3892 argenti
967 3798 1129 3869 deaurati
1141 3819 1205 3890 pro
1223 3797 1367 3891 pedara
1380 3800 1480 3870 rnius
1492 3823 1605 3896 cappa
1621 3811 1812 3884 continens

478 3913 513 3981 in
532 3906 849 4004 corporociusdcm
869 3912 1072 4004 >maginem
1091 3911 1166 3981 diui
1178 3907 1286 3982 Olaui
1299 3911 1464 4004 martyris
1474 3915 1641 4007 ponderis
1658 3921 1809 3996 duarum

477 4024 661 4095 unciarum
675 4044 759 4092 cum
777 4017 840 4092 sax
857 4024 976 4116 paruis
994 4021 1171 4116 lapidibus
1189 4075 1198 4093 .

516 4133 602 4206 Duo
619 4131 804 4204 thuribula
817 4137 956 4222 argenti
971 4157 1055 4206 cum
1068 4133 1248 4207 nauicclla
1259 4145 1298 4207 el
1315 4133 1466 4208 cocleari
1482 4146 1623 4236 argenti
1643 4148 1810 4238 ponderis
1951 4220 1956 4226 .

474 4257 622 4317 centum
641 4243 765 4315 decom
782 4245 964 4315 unciarum
983 4244 1077 4316 douo
1095 4245 1243 4341 capituli
1261 4243 1525 4323 Abardonenlls
1541 4277 1637 4326 anno
1660 4255 1806 4334 Domini

473 4353 664 4428 millasimo
680 4351 967 4450 quingentesimo
984 4352 1239 4431 sextodecimo
1257 4400 1265 4417 ·

511 4465 759 4564 Aspsrsorium
774 4470 915 4564 argenti
932 4467 978 4541 ad
997 4465 1096 4542 nsum
1115 4470 1214 4544 chari
1232 4471 1422 4548 dominicis
1436 4487 1473 4548 sl
1489 4478 1569 4571 sliJ's
1580 4479 1708 4554 diebus
1723 4507 1806 4557 curn
