4526 5954
451 779 553 874 xva]
906 781 1312 859 ABERDONENSE.
1729 796 1800 862 233

602 883 607 894 a

448 980 576 1051 eedem
613 982 694 1053 vico
725 985 821 1055 inter
846 986 1093 1057 terramditti
1119 983 1258 1056 Tharne
1284 981 1418 1056 lritster
1451 1008 1496 1054 ex
1532 997 1633 1077 parte
1660 988 1795 1059 boreali

447 1103 486 1162 et
503 1103 638 1164 terram
654 1092 792 1168 Thomu
810 1095 907 1168 Olub
925 1120 972 1168 ex
990 1107 1094 1189 parte
1111 1093 1255 1168 australi
1274 1138 1283 1154 ·
1304 1095 1353 1166 Et
1371 1117 1482 1166 vnum
1499 1119 1660 1167 annuum
1678 1099 1796 1168 reddi-

448 1216 527 1275 tum
545 1228 597 1277 xx
614 1203 650 1279 d.
669 1208 829 1281 deterre
854 1208 939 1280 uiui
967 1208 1108 1278 Tlroma
1125 1206 1221 1278 Club
1243 1211 1385 1278 iacente
1403 1209 1439 1278 in
1458 1209 1585 1280 eodern
1603 1212 1682 1282 vieo
1700 1213 1797 1280 inter

447 1327 580 1389 terram
598 1317 738 1392 Thome
760 1320 872 1392 'Praill
890 1343 937 1391 ex
954 1328 1058 1412 parte
1084 1317 1211 1388 boriali
1229 1328 1268 1388 et
1285 1327 1413 1390 terram
1441 1319 1618 1392 Johannis
1635 1321 1732 1417 Crag
1748 1346 1795 1394 ax

447 1441 550 1521 parte
560 1427 708 1504 australi
726 1473 734 1489 ·
762 1431 813 1503 Et
832 1453 944 1501 vnum
962 1451 1126 1499 annuum
1146 1429 1326 1500 redditum
1342 1431 1378 1500 ix
1392 1434 1421 1504 ἓ.
1441 1433 1485 1502 de
1500 1443 1596 1504 terra
1613 1433 1794 1505 Willelrni

449 1541 537 1615 Mor
565 1547 709 1617 iacente
738 1546 776 1614 in
811 1544 888 1614 vieo
915 1541 1065 1611 nauium
1097 1539 1182 1609 diui
1213 1541 1316 1636 burgi
1353 1544 1449 1614 inter
1482 1551 1614 1616 terram
1645 1546 1794 1617 Andree

448 1655 560 1727 Alani
586 1679 633 1728 ex
659 1665 763 1750 parte
786 1649 1002 1725 occidentali
1030 1661 1070 1722 et
1095 1651 1315 1724 antedictam
1334 1666 1465 1726 terram
1491 1678 1608 1728 meatu
1627 1681 1672 1728 ex
1691 1671 1795 1750 parte

448 1769 643 1841 orientali·
673 1767 724 1840 Et
751 1789 862 1836 vnum
890 1785 1053 1834 annuum
1082 1763 1264 1835 redditum
1290 1766 1335 1858 vij
1363 1769 1402 1839 ἔω
1420 1779 1457 1837 et
1487 1769 1524 1860 xj
1553 1765 1589 1838 d.
1621 1769 1666 1839 de
1697 1779 1794 1840 terra

447 1879 472 1951 J
474 1882 626 1952 ohannis
644 1879 760 1953 Gonis
774 1881 812 1948 in
831 1877 927 1947 dieto
945 1877 1026 1948 vieo
1052 1879 1150 1948 inter
1167 1877 1341 1970 predidcas
1367 1889 1479 1949 terras
1504 1901 1603 1951 meas
1621 1905 1667 1951 ex
1686 1884 1796 1974 parti·

449 1993 516 2062 bus
534 1987 750 2063 occidentali
768 1999 807 2060 et
826 1989 1021 2060 orientali·
1042 1987 1092 2059 Et
1116 2011 1226 2059 vnum
1252 2013 1411 2061 annuum
1438 1991 1619 2062 redditum
1637 1992 1675 2064 xl
1693 1991 1730 2064 d.
1750 1995 1795 2064 de

449 2117 545 2176 terra
569 2100 750 2173 Willelmi
777 2100 874 2172 Club
898 2097 1041 2194 pistoris
1067 2103 1211 2173 iacente
1237 2103 1341 2174 iuxta
1362 2103 1470 2173 finem
1497 2103 1583 2173 urai
1605 2106 1673 2177 vici
1700 2107 1797 2176 inter

449 2229 581 2285 terram
613 2213 795 2306 quondam
825 2211 983 2284 Gilberti
1012 2211 1166 2284 Masone
1192 2237 1237 2284 ex
1266 2223 1368 2307 parte
1398 2214 1564 2286 orientali
1592 2227 1631 2287 et
1660 2228 1794 2289 terram

450 2325 631 2397 Willelmi
651 2325 919 2416 Lamnryntone
944 2348 990 2395 ex
1020 2336 1123 2416 parte
1140 2321 1283 2396 australi
1302 2339 1340 2397 et
1357 2325 1445 2397 duas
1472 2329 1546 2398 vias
1573 2330 1690 2423 regias
1717 2341 1791 2400 tarn

448 2462 493 2508 ex
512 2449 614 2530 parte
633 2436 766 2509 boreali
787 2459 896 2530 quarn
915 2435 1134 2508 occidentali
1154 2477 1162 2492 ·

549 2549 652 2622 Nota
668 2552 763 2643 quod
780 2571 908 2620 ornnes
933 2547 1121 2642 prescripti
1139 2551 1249 2619 annui
1267 2551 1428 2621 redditus
1454 2561 1629 2623 terrarum
1648 2552 1731 2622 sunt
1749 2555 1795 2624 de

547 2662 661 2733 fundo
689 2661 843 2756 ipsarum
871 2658 1150 2754 prescriptarurn
1177 2671 1284 2752 prout
1311 2661 1422 2732 lacius
1446 2663 1480 2730 io
1509 2663 1618 2734 cartis
1644 2659 1795 2756 desuper

547 2775 720 2848 confedis
735 2775 878 2868 plenius
894 2774 1105 2844 continetur
1123 2813 1131 2828 ·

499 2993 678 3092 Magister
695 2997 895 3070 Dunoanus
909 2994 1064 3069 Sclrerar
1091 2999 1207 3068 redet
1224 2997 1269 3068 dc
1287 2998 1371 3069 Clat
1389 3001 1532 3068 ornauit
1549 3009 1588 3067 ct
1606 2997 1791 3069 decorauit

447 3109 584 3179 diuum
603 3108 718 3180 altare
736 3109 847 3181 laudi
867 3109 1027 3180 Dutlraci
1054 3131 1137 3180 eum
1156 3109 1269 3181 calice
1293 3113 1433 3205 argenti
1456 3127 1539 3181 cunr
1565 3111 1794 3205 ymaginibus

447 3219 650 3294 laneorum
686 3221 825 3293 llloloei
861 3219 984 3292 Fotini
1026 3219 1246 3317 Kentigerni
1281 3235 1320 3294 ct
1354 3219 1471 3293 sande
1507 3220 1655 3315 Brigidc
1689 3218 1794 3314 supra

447 3333 596 3405 calicem
615 3344 655 3405 et
672 3335 710 3403 in
727 3343 861 3428 patena
886 3331 1047 3404 eiusdem
1074 3355 1158 3405 curn
1185 3335 1351 3428 ymagine
1369 3334 1474 3404 beate
1501 3331 1620 3403 Maria
1646 3335 1793 3428 virginis

448 3447 629 3517 deauratis
646 3457 685 3516 et
702 3467 784 3515 curn
804 3439 954 3514 diuersis
970 3445 1051 3537 alijs
1067 3447 1290 3518 ornamentis
1316 3485 1325 3501 ·
1353 3444 1402 3515 Et
1419 3468 1502 3514 cunr
1520 3441 1621 3514 sedili
1638 3455 1726 3515 ante
1743 3445 1794 3516 al·

447 3573 525 3629 tare
543 3554 649 3651 supra
666 3557 761 3648 quod
780 3579 913 3649 ponere
931 3557 1018 3627 lecit
1037 3578 1149 3627 vnum
1167 3556 1335 3627 volumen
1354 3556 1504 3651 ligatam
1523 3557 1560 3625 in
1579 3579 1650 3648 quo
1668 3559 1794 3649 incipi-

447 3681 516 3740 unt
539 3666 720 3739 samsones
745 3668 866 3739 fratris
892 3664 1074 3739 Willclnri
1102 3667 1255 3762 Lugdon
1282 3669 1328 3738 de
1353 3663 1510 3761 epistulis
1535 3669 1574 3738 in
1604 3667 1793 3740 dominicis

447 3781 576 3851 diebus
592 3801 804 3873 perannum
823 3815 832 3834 ·
848 3789 888 3849 et
914 3801 1024 3849 vnum
1044 3779 1289 3872 rnartilogium
1316 3793 1354 3852 et
1373 3801 1482 3849 vnum
1508 3776 1717 3871 plirlterium
1735 3805 1794 3852 ca·

448 3891 634 3964 tlrenanda
658 3913 777 3962 eoram
804 3891 901 3961 dieto
926 3891 1031 3961 altari
1058 3892 1101 3961 ad
1129 3888 1239 3961 sedile
1265 3889 1339 3961 liae
1364 3888 1506 3960 stallum
1526 3927 1535 3945 ·
1553 3902 1592 3960 et
1618 3913 1683 3983 pro
1712 3891 1792 3964 Deo

448 4016 549 4075 orate
567 4025 632 4096 pro
648 4025 693 4074 eo
709 4014 748 4074 et
765 4025 848 4074 cunr
869 4023 939 4070 vno
957 4002 1136 4073 breuiario
1153 4004 1190 4072 in
1209 4003 1414 4095 peraamino
1430 4001 1648 4073 cathenato-

549 4223 709 4296 Rentale
721 4225 767 4296 ad
779 4224 975 4295 emendum
990 4247 1122 4319 panem
1133 4235 1172 4296 et
1187 4225 1309 4295 vinum
1328 4246 1452 4294 recens
1469 4223 1658 4294 annuatim
1676 4219 1793 4294 distri-

547 4337 733 4408 buendum
751 4337 928 4408 dedicio
956 4337 1053 4408 diem
1072 4333 1220 4432 lingulis
1245 4337 1349 4408 annis
1369 4333 1564 4428 capellanis
1581 4335 1617 4403 in
1643 4329 1794 4406 eeclesia

548 4445 742 4543 parochiali
759 4447 859 4518 beati
879 4445 1048 4520 Niclrolai
1060 4448 1294 4521 celebraturis
1311 4469 1375 4540 pro
1393 4443 1663 4518 consecratione
1680 4443 1793 4518 saera·

546 4563 696 4634 menti·

498 4673 544 4746 In
582 4673 707 4767 primis
740 4693 852 4742 vnum
886 4696 1048 4746 annuum
1092 4672 1274 4744 redditura
1309 4672 1346 4741 ix
1381 4673 1410 4744 ἓ.
1445 4671 1490 4742 de
1525 4683 1620 4742 terra
1654 4667 1793 4742 Tlromc

500 4806 584 4859 vor..
606 4805 645 4856 rr.
1101 4791 1167 4855 tte
