4564 5968
457 785 560 878 xva]
931 783 1336 858 nannaaanasn.
1734 794 1801 861 ran

506 983 602 1056 Item
615 983 826 1058 lauachrum
838 984 1040 1081 pendulam
1054 1009 1117 1080 pro
1131 987 1268 1058 latione
1286 1004 1459 1056 manuum
1477 983 1741 1055 celebrantium
1762 989 1798 1055 in

454 1098 563 1168 clrora
581 1097 679 1170 furto
695 1095 902 1172 sublatum·

503 1207 599 1280 Item
619 1212 824 1308 mergulum
840 1233 924 1284 cum
943 1210 1085 1282 leobino
1103 1211 1163 1282 i'eu
1182 1207 1349 1301 lampade
1366 1228 1508 1277 ennea·

504 1319 600 1394 ltem
616 1325 808 1397 ambonem
826 1321 1078 1417 euangelicum
1095 1323 1132 1390 in
1151 1319 1258 1391 ebora
1276 1340 1323 1389 ex
1339 1319 1512 1410 antiqua·

504 1432 600 1506 ltem
618 1436 689 1507 duo
707 1432 930 1507 tintinabula
946 1428 1120 1526 pulsanda
1137 1451 1256 1502 coram
1275 1428 1473 1500 venerabili
1492 1428 1734 1502 sacramenta·

503 1545 599 1619 Item
619 1570 729 1618 vnum
748 1542 951 1641 mergulum
970 1564 1052 1614 cum
1072 1540 1219 1612 liabita-

550 1883 827 1957 Inaaurrmun
846 1897 1170 1950 ornamentorum
1185 1897 1262 1949 rnna
1280 1900 1462 1952 varanna
1479 1901 1585 1958 curn
1605 1903 1794 1954 aauoaun

551 2017 675 2069 suurn
704 2010 861 2065 racanas
889 2009 1072 2061 aceresia
1109 2011 1375 2064 carnanarars
1410 1989 1716 2068 Aaaaaortcnsrs
1749 2015 1797 2066 ar

548 2127 726 2182 crerruar
764 2122 936 2175 crusnam
975 2091 1127 2174 racrun
1161 2125 1234 2177 aaa
1262 2125 1536 2180 encaeniarum
1564 2127 1793 2181 uacrsraan

549 2221 827 2293 Aaaxnsnnun
866 2209 1079 2287 Granouas
1115 2237 1166 2286 aa
1202 2238 1384 2291 rurcuan
1415 2239 1478 2290 aar
1506 2239 1718 2294 annuarum
1747 2242 1796 2294 ar

549 2349 841 2407 communicaris
857 2347 970 2400 arcun
988 2349 1170 2401 eccacsra
1184 2350 1443 2407 crrrruaraua
1463 2351 1670 2406 carcarem
1692 2355 1795 2405 rnna

551 2464 764 2518 uraaasnro
784 2463 1106 2520 caraecarasnm
1125 2463 1429 2521 curnarcrsnro
1448 2463 1577 2517 sarto·

451 2650 642 2765 Imprimis
660 2691 730 2740 vna
747 2665 887 2762 capella
904 2677 1067 2738 veterum
1085 2687 1185 2736 more
1202 2664 1322 2758 ampla
1338 2675 1377 2736 et
1403 2665 1478 2740 lata
1494 2690 1542 2738 ex
1567 2691 1654 2738 auro
1672 2671 1794 2741 textili

447 2804 664 2878 quamquam
684 2779 744 2850 vl'u
764 2781 935 2852 diuturno
952 2777 1147 2871 plurimum
1175 2772 1302 2848 usitata
1319 2773 1377 2847 sed
1404 2779 1546 2873 integra
1563 2780 1599 2849 in
1618 2777 1654 2851 se
1679 2785 1797 2852 canti-

447 2918 538 2969 nena
555 2892 710 2965 casulam
727 2891 886 2986 amplam
897 2890 1059 2962 tunicam
1078 2900 1116 2962 et
1129 2888 1358 2960 dalmaticam
1371 2887 1444 2961 albi
1463 2889 1592 2962 calaris
1609 2913 1693 2963 eum
1708 2894 1796 2964 dua·

447 3011 514 3080 bus
533 3001 631 3077 stolis
649 3006 764 3077 tribus
790 3001 983 3096 manipulis
1001 3002 1115 3074 tribus
1141 3000 1230 3072 albis
1249 3000 1363 3072 tribus
1380 3003 1520 3074 amittis
1545 3025 1628 3075 curn
1647 3000 1796 3100 smgulis

447 3120 642 3192 earundem
668 3117 887 3211 paramentis
904 3115 949 3186 ad
975 3115 1140 3185 decorem
1159 3109 1317 3184 eiusdem
1344 3135 1409 3205 pro
1435 3111 1693 3187 festiuitatibus
1712 3118 1795 3188 ben·

447 3227 577 3303 tillunc
596 3230 743 3322 virginis
762 3227 882 3300 lllarie
899 3227 1002 3297 cuius
1019 3225 1114 3296 dono
1132 3227 1317 3319 ignoratur
1334 3265 1342 3280 ·

496 3341 664 3414 Secundo
691 3336 814 3412 similis
832 3351 936 3411 vetus
954 3335 1092 3430 capella
1114 3335 1234 3429 ampla
1255 3344 1419 3408 veterum
1437 3358 1538 3409 more
1555 3336 1719 3433 utsupra
1744 3367 1790 3414 ex

446 3480 533 3528 auro
552 3453 674 3525 textili
694 3455 836 3548 integra
852 3462 976 3522 tamen
994 3466 1033 3521 et
1051 3445 1199 3520 honesta
1215 3447 1351 3519 liabens
1368 3471 1476 3520 rnam
1496 3451 1656 3522 tunicam
1685 3475 1791 3524 vnam

446 3568 677 3640 dalmaticam
691 3577 766 3636 tres
779 3564 879 3638 albas
890 3576 964 3635 tres
975 3561 1122 3634 amittas
1135 3582 1218 3631 cum
1232 3560 1372 3633 duabus
1384 3556 1484 3632 stalis
1497 3570 1537 3632 et
1550 3561 1665 3633 tribus
1678 3569 1794 3636 mani·

446 3680 541 3774 pulis
557 3662 640 3750 cunl
660 3676 828 3747 amnibus
853 3685 891 3746 et
909 3671 1057 3770 lingulis
1083 3671 1242 3744 eiusdem
1269 3675 1489 3764 paramentis
1514 3673 1610 3744 dono
1634 3677 1790 3772 episcopi

447 3790 646 3862 Alexandri
665 3813 688 3860 a
706 3786 943 3882 Kyninmand
961 3786 1067 3857 buius
1084 3785 1239 3855 nominis
1265 3785 1370 3877 primi
1390 3793 1430 3854 vt
1449 3785 1564 3857 fertur
1581 3828 1589 3843 ·

494 3901 618 3974 'l'ertin
634 3900 705 3972 alia
723 3913 828 3972 vetus
845 3894 1008 3970 similiter
1024 3895 1163 3991 capella
1178 3919 1226 3966 ex
1243 3919 1330 3967 aura
1348 3896 1470 3968 textili
1491 3898 1626 3970 liabens
1645 3913 1789 3974 tantum

446 4036 553 4085 vaam
571 4009 725 4082 casulam
743 4011 899 4105 amplam
917 4023 956 4081 et
974 4008 1085 4081 latam
1103 4030 1209 4079 mam
1237 4006 1445 4082 tunicellam
1466 4019 1506 4081 et
1532 4033 1637 4083 vnum
1656 4013 1793 4086 dalma-

447 4127 555 4196 ticam
574 4145 656 4195 cum
675 4123 814 4194 duabus
832 4118 930 4192 stolis
948 4119 1064 4192 tribus
1080 4119 1273 4213 manipulis
1289 4129 1329 4196 et
1346 4120 1553 4211 quindecim
1571 4130 1791 4215 paramentis

446 4239 491 4308 ‹le
502 4258 599 4308 noun
611 4234 793 4306 fabricatis
810 4255 893 4304 cum
907 4232 1023 4304 tribus
1039 4232 1130 4305 albis
1146 4242 1186 4302 et
1198 4232 1338 4306 amibis
1355 4233 1458 4304 cuius
1471 4231 1567 4304 donn
1580 4236 1767 4331 ignoratur
1781 4281 1788 4296 ·

495 4348 635 4433 Quarto
650 4369 720 4418 vna
737 4357 880 4418 tantam
898 4343 1018 4418 casula
1031 4356 1136 4416 retus
1149 4365 1195 4415 ex
1213 4365 1299 4415 aura
1313 4342 1435 4416 textili
1449 4343 1645 4438 plurimum
1661 4346 1791 4423 vittata

446 4478 485 4535 et
502 4461 716 4553 consumpta
731 4455 864 4550 absque
881 4456 1061 4550 aliquibus
1077 4455 1362 4549 quibuscumque
1378 4460 1598 4549 paramentis
1615 4497 1623 4514 ·

496 4574 635 4662 Quinta
652 4594 723 4643 vna
745 4569 885 4664 capella
910 4581 1015 4642 vetus
1039 4591 1085 4640 ex
1111 4590 1198 4639 auro
1223 4566 1345 4640 textili
1371 4565 1470 4642 dieta
1492 4567 1717 4644 Cherbulink
1742 4601 1789 4648 ex

447 4689 557 4784 spolio
582 4683 769 4758 conflictus
792 4681 838 4755 de
864 4681 1134 4753 Bannolrbume
1160 4681 1351 4752 continens
1376 4703 1484 4753 vnum
1512 4703 1661 4777 cappam
1680 4708 1787 4757 anam
