4612 5964
369 692 375 706 ’
481 737 527 806 ua
1004 721 1312 796 suessanum
1673 725 1825 822 [secun

483 951 547 1001 nos
582 930 759 1002 decanum
790 919 1093 998 Aberdonensem
1120 932 1158 994 et
1185 921 1355 993 vicarium
1388 919 1592 1015 generalem
1619 919 1827 1015 suprascrip-

483 1054 563 1114 tum
588 1065 630 1114 ac
656 1040 746 1114 alios
780 1039 947 1112 dominos
973 1035 1168 1109 canonicos
1201 1043 1292 1104 tunc
1326 1030 1505 1126 presentes
1531 1029 1760 1106 consideratis
1788 1043 1827 1104 et

483 1165 626 1226 mature
647 1147 806 1226 discullis
829 1146 1058 1246 presentibus
1081 1143 1156 1242 ipso
1174 1145 1329 1216 domino
1354 1145 1488 1216 decano
1513 1143 1726 1218 cancellario
1750 1166 1829 1237 pre·

484 1267 665 1338 bendariis
691 1265 737 1338 de
763 1261 967 1334 Murtblaw
994 1258 1079 1334 Clat
1106 1257 1183 1331 Der
1208 1255 1440 1330 Creichmout
1465 1251 1670 1328 Codilstane
1696 1255 1828 1349 Mony-

485 1375 617 1450 mowlk
645 1387 684 1448 et
708 1400 732 1449 a
756 1397 815 1448 me
841 1373 982 1445 Tlroma
1007 1370 1134 1444 Ettale
1162 1373 1303 1443 notario
1328 1369 1468 1464 publico
1497 1366 1667 1462 scriptore
1683 1365 1829 1462 premis·

484 1489 603 1560 ibrum
629 1487 797 1559 dominus
823 1485 983 1558 decanus
1008 1484 1107 1577 cepit
1131 1479 1411 1588 instrumentum
1439 1515 1449 1538 .
1476 1479 1572 1552 ltem
1607 1481 1734 1552 eodem
1768 1480 1827 1552 die

485 1599 602 1672 ditus
631 1599 799 1671 dominus
828 1595 984 1666 vicarius
1017 1594 1197 1689 generalis
1231 1595 1277 1667 ad
1301 1590 1515 1667 'instantiam
1541 1593 1626 1664 didi
1655 1593 1828 1664 archidia-

485 1712 566 1784 coni
584 1709 806 1782 sentenciam
824 1700 1061 1799 suspensionis
1088 1704 1200 1777 latam
1218 1707 1255 1776 in
1274 1703 1455 1800 personam
1478 1699 1634 1799 magistri
1651 1703 1676 1774 J
1678 1704 1828 1775 ohannis

487 1823 589 1894 Roob
613 1831 762 1916 propter
786 1816 1043 1889 executionem
1069 1815 1249 1890 ditiorum
1274 1816 1473 1890 litterarum
1501 1816 1628 1912 prelati
1655 1815 1827 1888 nrclridia·

485 1935 567 2006 coni
585 1931 765 2005 relaxauit
782 1929 819 2001 in
839 1922 1020 2024 presentia
1036 1927 1214 1998 ditiorum
1233 1925 1378 2002 testium
1395 1969 1404 1988 ·

752 2264 1090 2336 Coxsrrrurrosas
1117 2260 1328 2334 Wruusnsn
1355 2261 1556 2336 Errscorr·

486 2491 583 2566 Aca
599 2489 753 2586 septimo
763 2487 824 2560 die
835 2485 930 2559 Maii
944 2509 1039 2559 auno
1057 2483 1207 2557 Domini
1222 2481 1408 2558 millesrmo
1425 2485 1709 2584 quingentesimo
1726 2488 1827 2562 sexto

486 2605 569 2690 Quo
595 2603 654 2676 die
679 2599 903 2674 reuerendus
929 2599 965 2670 in
992 2593 1135 2671 Christo
1161 2607 1266 2692 pater
1290 2621 1333 2670 ac
1358 2597 1522 2671 dominus
1541 2597 1751 2672 Willelmus
1767 2602 1825 2672 dei

485 2729 524 2788 ct
540 2711 735 2809 apostolice
760 2710 854 2785 sedis
879 2712 998 2804 gratia
1023 2706 1287 2782 Abirdonensis
1312 2709 1545 2806 episcopusin
1563 2713 1670 2784 domo
1690 2714 1828 2807 capitu·

485 2827 550 2901 lari
569 2823 720 2900 ecclesie
732 2821 795 2897 sus
806 2821 1025 2898 cathedralis
1037 2816 1300 2896 Abirdoncnlis
1316 2821 1502 2917 mdodeur
1518 2835 1558 2897 et
1575 2847 1638 2920 pro
1655 2825 1826 2898 tribunali

487 2939 612 3011 sedens
626 2934 784 3010 eiusdem
804 2933 955 3028 capituli
973 2935 1157 3006 canonicis
1174 2933 1309 3006 ibidem
1324 2933 1367 3006 ad
1379 2933 1599 3032 infrascripta
1616 2939 1828 3030 exequenda

485 3049 734 3145 capitularitcr
760 3049 991 3140 congregatis
1022 3055 1164 3119 matura
1193 3045 1450 3118 deliberatione
1474 3046 1589 3122 trado
1617 3044 1763 3121 consilio
1788 3062 1826 3120 ct

484 3159 721 3236 uuiliamento
739 3161 838 3254 prius
864 3157 998 3230 habitis
1022 3171 1062 3228 et
1087 3152 1320 3230 consideratis
1342 3153 1570 3252 expressoque
1590 3157 1760 3232 consensu
1787 3174 1826 3232 et

484 3270 618 3348 allensu
638 3273 723 3346 diti
741 3268 892 3365 capituli
911 3282 950 3340 ct
967 3269 1224 3342 canonicorum
1242 3265 1398 3342 ciusdem
1416 3309 1425 3326 ·
1442 3266 1678 3344 Consrderans
1692 3274 1823 3344 ranam

485 3399 524 3459 ct
541 3385 709 3458 inutilem
728 3407 770 3457 aa
787 3379 1029 3475 multiplicem
1057 3376 1207 3476 singulis
1223 3367 1330 3454 annis
1353 3382 1617 3455 inuocationcm
1643 3380 1825 3478 uariosque

486 3499 626 3572 labores
657 3493 891 3569 difficultatcs
920 3494 1175 3565 coutcntioncs
1203 3504 1242 3565 et
1270 3493 1381 3588 iurgia
1407 3517 1471 3588 per
1496 3493 1610 3567 ditior
1636 3497 1826 3568 canonicos

484 3613 556 3684 inm
585 3610 648 3683 diu
675 3609 769 3682 sada
794 3616 834 3678 et
859 3607 1074 3678 continuata
1099 3606 1146 3677 do
1171 3615 1211 3677 et
1237 3602 1343 3700 super
1363 3601 1610 3681 distributione
1643 3608 1826 3682 facultatis

484 3723 694 3796 eommdem
721 3721 977 3792 canonicomm
998 3715 1218 3813 cupiensque
1247 3716 1294 3790 ad
1324 3717 1478 3814 prodidit
1506 3714 1644 3815 singula
1665 3721 1826 3795 cedenda

484 3846 523 3908 et
540 3830 790 3930 extinguenda
814 3831 851 3902 in
880 3829 1044 3902 sutorum
1070 3841 1110 3902 et
1136 3828 1180 3902 ad
1206 3829 1372 3902 decorem
1391 3825 1611 3903 honestatem
1628 3833 1825 3905 commodi·

484 3959 600 4022 tatem
611 3956 651 4020 et
661 3943 858 4018 rtiiitatem
870 3938 1021 4014 ecclesie
1032 3939 1095 4014 sue
1109 3943 1270 4036 prediste
1280 3943 1572 4038 properequiete
1584 3956 1624 4016 et
1634 3945 1823 4019 concordio

485 4063 581 4132 intor
596 4054 740 4132 eosdem
758 4055 955 4129 oenouicos
993 4093 1001 4112 ·
1042 4095 1051 4112 ·
1095 4095 1105 4112 ·
1148 4093 1158 4110 ·
1200 4053 1361 4150 precepit
1375 4055 1612 4148 comparanda
1628 4095 1638 4114 ·
1656 4054 1727 4128 Pro
1743 4079 1823 4152 pro-

484 4183 613 4266 pertuo
639 4165 767 4242 statuit
790 4175 831 4240 et
858 4165 1042 4238 ordinauit
1072 4167 1168 4261 quod
1194 4167 1242 4240 de
1264 4175 1383 4239 cetero
1409 4165 1630 4241 infuturum
1656 4171 1693 4242 in
1714 4169 1822 4242 choro

482 4280 641 4354 ciusdem
659 4273 811 4378 ecclesie
827 4287 938 4350 erunt
956 4279 1087 4371 viginti
1115 4279 1236 4352 sicarii
1264 4273 1571 4352 conuersationum
1590 4279 1821 4354 laudabilium

481 4411 521 4467 et
538 4415 678 4466 morum
706 4393 743 4464 iu
769 4399 882 4464 cantu
900 4387 1126 4485 Gregoriano
1147 4390 1192 4463 ad
1212 4391 1333 4463 minna
1352 4389 1456 4484 periti
1473 4400 1512 4462 et
1529 4390 1623 4464 dost
1650 4394 1822 4466 continue

481 4503 680 4580 residentes
712 4514 752 4576 et
778 4501 825 4576 ad
854 4495 1014 4596 lingulas
1037 4501 1143 4574 horas
1169 4523 1234 4596 pro
1260 4501 1382 4574 diuino
1413 4496 1563 4575 seruicio
1589 4501 1821 4578 ministrando

480 4623 586 4694 iuxta
600 4619 769 4713 antiquas
794 4627 835 4688 ct
860 4614 1042 4708 primeuas
1059 4613 1154 4688 dicte
1170 4607 1321 4688 ecclesie
1337 4611 1562 4688 fundationes
1579 4613 1761 4711 presentes
1780 4629 1820 4690 et
