4612 5964
447 688 516 752 194
743 678 1051 756 REGISTRUM
1089 675 1494 748 ABERDONENSE.

444 878 560 953 suram
578 877 855 954 ecclesiasticam
885 872 1146 968 compescendo
1165 912 1173 928 ·
1196 883 1235 942 et
1253 869 1397 964 insuper
1420 875 1585 947 omnibus
1612 879 1790 970 officiarijs

445 997 538 1088 regis
564 1005 602 1066 et
629 990 790 1088 personis
819 991 900 1082 alijs
926 983 1200 1078 quibuscunque
1233 984 1268 1054 in
1298 983 1387 1056 locis
1414 983 1564 1078 publicis
1590 989 1790 1081 dequibus

364 1149 368 1158 ι
447 1106 547 1177 vobis
577 1105 760 1177 videbitur
785 1102 914 1174 eadem
940 1097 1157 1168 auctoritate
1175 1095 1369 1167 inhibeatis
1395 1118 1439 1166 ne
1469 1096 1564 1170 bona
1589 1099 1789 1170 huiusmodi

446 1214 691 1310 cpiscoporum
723 1211 771 1285 sic
800 1208 1083 1282 decendentium
1119 1220 1183 1279 aut
1212 1207 1349 1300 aliquid
1384 1230 1428 1278 ex
1462 1209 1513 1278 eis
1548 1211 1706 1302 recipere
1733 1209 1788 1280 vel

445 1351 619 1420 occupare
646 1323 854 1419 presumant
880 1317 945 1390 sub
973 1341 1066 1411 pena
1092 1319 1473 1393 excommunicationis
1493 1343 1601 1413 quam
1620 1317 1646 1390 s1
1664 1334 1789 1392 contra

445 1441 698 1511 inhibitionem
716 1430 921 1506 huiusmodi
947 1429 1082 1524 aliquid
1108 1435 1261 1505 fecerint
1278 1429 1352 1526 ipso
1370 1431 1462 1504 satio
1480 1434 1664 1505 incurrant
1681 1457 1702 1504 a
1719 1457 1790 1525 qua

448 1561 692 1645 preterquam
710 1547 748 1616 in
766 1545 893 1615 mortis
919 1543 1073 1614 articulo
1099 1543 1144 1616 ab
1169 1545 1241 1616 alio
1268 1569 1377 1638 quam
1393 1568 1417 1616 a
1431 1531 1594 1616 Romano
1620 1546 1789 1640 pontifice

446 1658 510 1732 nifi
527 1661 620 1732 infra
643 1653 800 1728 mensem
820 1655 866 1725 de
883 1657 1040 1747 receptis
1058 1669 1097 1727 et
1114 1659 1299 1750 occupatis
1323 1681 1389 1752 per
1404 1679 1464 1730 eos
1481 1679 1527 1730 ex
1546 1657 1647 1728 bonis
1673 1655 1790 1750 supra-

449 1773 552 1843 distis
570 1773 711 1861 integre
737 1765 954 1840 satillaciaut
980 1763 1242 1840 absolutionem
1261 1793 1334 1840 non
1352 1769 1494 1844 valcant
1510 1770 1674 1841 obtinere
1690 1807 1698 1824 ·
1718 1793 1787 1841 non

448 1880 614 1954 obstante
642 1876 668 1949 si
699 1879 880 1972 aliquibus
908 1883 1151 1952 communiter
1181 1881 1238 1953 vel
1269 1878 1411 1953 diuisun
1438 1906 1461 1953 a
1489 1880 1570 1953 sede
1600 1877 1791 1976 apostolica

448 1992 631 2065 indultum
674 1987 807 2062 existat
845 1991 942 2084 quod
981 1991 1148 2062 interdici
1184 1989 1351 2086 suspendi
1395 1993 1448 2064 vel
1487 1996 1789 2067 excommunicari

447 2117 512 2176 aut
529 2103 698 2173 ciuitates
716 2103 849 2195 oppida
874 2097 1015 2174 caustra
1031 2113 1070 2174 et
1089 2103 1167 2175 loca
1184 2126 1309 2174 corum
1337 2100 1573 2178 ecclesiastico
1599 2106 1788 2178 interdibto
1898 2143 1901 2150 ·

447 2215 595 2308 supponi
615 2237 687 2285 non
715 2209 857 2308 possunt
875 2238 940 2309 per
958 2214 1097 2286 litteras
1123 2212 1335 2308 apostolicas
1359 2238 1430 2286 non
1447 2215 1619 2289 facientes
1646 2219 1787 2312 plenam

447 2341 486 2400 et
513 2323 708 2420 expressam
727 2351 769 2400 ac
787 2328 833 2398 de
861 2327 969 2398 verbo
986 2328 1031 2398 ad
1050 2327 1199 2398 verbum
1226 2327 1272 2396 dc
1298 2325 1438 2397 indulto
1463 2326 1663 2399 huiusmodi
1690 2353 1788 2400 nicu-

447 2443 610 2512 tionom·
633 2437 770 2512 Datum
788 2439 975 2512 Aninione
999 2437 1124 2512 Idibus
1141 2438 1303 2531 Januarij
1323 2439 1550 2532 pontificatus
1569 2437 1676 2510 uollri
1694 2464 1788 2512 anno

449 2551 602 2623 secundo
620 2590 629 2608 ·
