4564 5968
459 709 544 812 cn]
935 718 1340 798 Annunounnsn.
1739 739 1806 804 133

458 905 555 978 Item
574 910 708 984 omelia
725 915 824 988 beuti
843 917 1010 1014 Gregorij
1029 931 1068 992 et
1085 923 1214 1015 incipit
1235 919 1517 1014 Reuuerrdiffimo
1532 916 1777 1019 etjiulflr'ffimo
1794 971 1802 985 ·

458 1017 554 1090 Item
567 1018 706 1097 summa
716 1027 762 1098 de
773 1033 1008 1104 matrimonio
1019 1034 1195 1125 incipiens
1206 1035 1242 1102 in
1254 1030 1408 1103 secundo
1419 1031 1504 1102 folio
1514 1029 1779 1108 Pmnrutntiouir
1793 1083 1801 1097 ·

507 1129 724 1226 [Reperitur
741 1138 771 1234 ·]

456 1239 551 1312 Item
582 1243 861 1324 elementarium
889 1256 1068 1347 incipiens
1098 1257 1135 1324 in
1166 1251 1321 1326 secundo
1347 1253 1432 1325 solio
1462 1252 1641 1331 Fortitudo
1665 1262 1708 1354 cst
1735 1288 1800 1358 qur

504 1353 672 1456 aduersu·
795 1370 802 1385 ‘

455 1463 550 1537 Item
569 1467 773 1546 Gess'clinus
792 1487 831 1546 et
848 1477 978 1569 incipit
995 1475 1060 1546 Ad
1073 1499 1158 1547 onus
1174 1475 1269 1572 appi
1285 1479 1321 1546 in
1341 1489 1445 1549 textu
1464 1522 1472 1536 ·

454 1575 550 1650 Item
567 1583 655 1653 ordo
673 1581 811 1679 septem
828 1586 1008 1681 marinum
1026 1595 1066 1657 et
1079 1583 1126 1658 lic
1144 1589 1272 1682 incipit
1290 1588 1306 1684 [
1526 1593 1554 1687 ·]

803 1923 919 1994 [num
941 1943 1216 1997 nucnurnuwu
1236 1948 1419 2002 ABSENTES

449 2136 494 2209 in
511 2143 636 2233 primis
650 2166 742 2215 unus
760 2144 853 2217 liber
869 2146 1107 2218 decretalium
1126 2150 1300 2245 incipiens
1318 2156 1354 2225 in
1372 2155 1526 2229 secundo
1540 2160 1625 2232 folio
1637 2161 1791 2258 Spiritus·

482 2247 662 2350 strullue·

448 2361 543 2436 Item
562 2366 762 2440 Decretum
781 2371 964 2463 perditum
985 2393 1049 2463 per
1066 2371 1274 2468 magistrum
1292 2377 1495 2452 Johanncm
1518 2383 1681 2458 Burbour
1697 2387 1711 2445 ·'

446 2475 543 2548 Item
577 2502 732 2572 paruum
762 2481 937 2554 volumen
967 2484 1014 2554 de
1047 2485 1189 2558 decimu
1221 2489 1414 2562 collatione
1449 2495 1486 2564 in
1516 2493 1671 2568 lecundo
1701 2503 1788 2574 folin

497 2585 631 2662 Plebeio
647 2592 874 2689 mapislratu·

445 2699 541 2774 Item
561 2699 697 2775 statuta
715 2700 947 2775 ecclesiarum
960 2704 1184 2778 Coloniensrs
1201 2721 1239 2780 et
1255 2709 1459 2784 Leodicnlis
1477 2719 1512 2786 in
1532 2717 1687 2792 secundo
1702 2727 1787 2796 soli«.

490 2812 578 2886 Item
592 2825 710 2885 contra
722 2813 959 2886 incendiarios
971 2860 980 2877 ·
992 2829 1031 2888 ct
1042 2815 1110 2888 istc
1121 2820 1285 2910 perditur
1294 2846 1357 2917 per
1371 2826 1577 2920 magistrum
1591 2829 1784 2909 Nicolaum

491 2925 661 2996 Cumuok
678 2939 767 2998 tunc
779 2927 959 2999 decanum
979 2970 987 2985 ·

442 3033 538 3106 Item
567 3035 706 3107 summu
736 3037 897 3110 Rolrierli
930 3041 1017 3112 iuris
1044 3043 1162 3115 ciuilis
1192 3046 1228 3117 in
1257 3045 1410 3121 secundo
1438 3053 1522 3124 lolio
1549 3053 1598 3128 Et
1625 3067 1782 3155 ›rurestr-

495 3147 753 3246 [Reperitur·]

440 3260 536 3332 Item
556 3260 692 3333 lcitum
710 3261 921 3356 innoccncij
944 3262 1049 3359 super
1074 3269 1274 3344 decretales
1292 3278 1327 3345 in
1348 3275 1500 3349 secundo
1518 3280 1602 3352 folio
1620 3281 1664 3354 Iu
1679 3287 1782 3381 siun-

488 3397 565 3444 rum
583 3414 592 3430 ·
614 3373 833 3469 [Reperitur
850 3374 880 3470 ·]

439 3486 533 3558 ltem
553 3485 691 3558 lectura
710 3483 912 3560 llosticnlis
930 3493 966 3561 in
987 3489 1143 3564 secundo
1160 3495 1245 3569 folio
1265 3498 1443 3573 Coudcndc
1457 3502 1561 3602 lupiu-

440 3597 533 3668 ltcm
549 3599 620 3669 dun
640 3598 719 3670 libri
739 3599 785 3671 dc
803 3598 1046 3675 ecclefiastica
1059 3602 1238 3698 potcstutc
1256 3652 1263 3666 ·
1283 3614 1418 3703 primus
1436 3618 1560 3711 incipit
1574 3624 1609 3692 in
1625 3621 1779 3698 secundo

487 3709 573 3780 lolio
592 3708 656 3804 Er·
659 3711 855 3806 spiritualis
872 3754 880 3770 ·
900 3727 939 3785 et
954 3715 1049 3786 ulter
1065 3718 1102 3786 in
1121 3715 1277 3792 secundo
1291 3723 1375 3794 folio
1401 3723 1560 3801 Virtutem
1580 3773 1588 3790 ·
1608 3758 1677 3807 una
1694 3763 1776 3811 cum

487 3819 728 3894 Policruticun
741 3821 920 3897 Jolrunnis
947 3827 1078 3898 Sarum
1097 3831 1133 3900 in
1153 3828 1307 3906 secundo
1326 3837 1410 3908 lolio
1436 3839 1573 3938 Liupuu
1596 3851 1775 3946 mrrpssro·

484 3933 593 4006 ublat’
612 3958 676 4029 per
693 3931 899 4030 episcopum
919 3937 1207 4035 Glnsguensem·

435 4043 530 4115 ltcm
549 4044 584 4116 ff.
605 4057 710 4119 vetus
727 4047 857 4142 incipit
874 4051 911 4120 in
926 4048 1083 4124 secundo
1100 4055 1186 4127 folio
1204 4060 1240 4129 in
1260 4071 1364 4134 textu
1382 4061 1428 4135 Iu
1441 4069 1648 4142 ururritr'uur·

436 4155 530 4228 ltem
550 4154 682 4229 Petrus
700 4157 846 4230 Blcsen’
865 4163 901 4233 in
920 4160 1081 4256 epistolis
1097 4162 1248 4263 script-ue
1266 4174 1302 4243 in
1321 4179 1443 4271 papiro
1461 4219 1469 4234 ·

435 4267 528 4340 ltem
548 4291 640 4340 mue
658 4269 751 4342 libcr
767 4273 805 4342 in
823 4269 994 4348 uilcribus
1020 4278 1066 4349 ‹le
1086 4277 1235 4376 judicijs
1260 4297 1298 4356 et
1323 4290 1447 4362 urdine
1476 4293 1553 4365 eius
1582 4297 1709 4393 incipit
1736 4305 1773 4374 in

481 4383 597 4475 primo
615 4381 701 4452 folio
719 4379 969 4460 Pmratlaro·

432 4491 528 4565 ltem
546 4489 670 4565 sextus
686 4504 726 4566 ct
743 4497 985 4593 mandugotus
1012 4503 1049 4572 in
1076 4525 1146 4575 vno
1173 4507 1355 4584 volumine
1381 4517 1418 4585 in
1444 4513 1598 4590 secundo
1624 4522 1710 4596 lolio
1736 4529 1772 4599 in

481 4616 587 4678 textu
605 4603 730 4678 Lutum
748 4648 757 4665 ·
