4546 5922
511 713 583 779 322
1029 703 1333 780 REGISTRUM
1620 713 1847 807 [screnum.

511 909 613 1004 regni
642 907 766 981 Scotie
784 945 931 966 ······
953 907 995 978 ln
1024 909 1126 979 cuius
1154 909 1204 978 rei
1234 905 1477 979 testimonium
1502 907 1584 980 lmie
1611 921 1711 982 carte
1728 911 1847 986 nostre

510 1041 620 1092 manu
638 1017 758 1094 nostra
785 1017 979 1116 subl'eripte
1008 1014 1164 1115 sigillum
1188 1015 1348 1092 nostrum
1369 1019 1556 1090 rotundum
1586 1043 1739 1093 unacum
1767 1025 1847 1096 sub-

510 1129 762 1227 scriptionibus
773 1133 1000 1206 manualibus
1013 1129 1227 1227 presidentis
1237 1133 1555 1224 canonicorumque
1570 1133 1654 1204 disti
1669 1129 1778 1205 nostri
1789 1159 1846 1207 ca-

509 1243 617 1339 pituli
634 1256 673 1319 et
690 1248 786 1319 idem
805 1269 867 1339 pro
886 1255 1048 1339 tempore
1075 1243 1398 1339 representantium
1417 1267 1561 1316 vnacum
1584 1267 1712 1316 eorum
1733 1241 1845 1342 sigillo

509 1359 692 1431 communi
720 1361 757 1430 in
786 1355 923 1453 signum
958 1380 1082 1428 eorum
1118 1353 1307 1429 consensus
1337 1368 1376 1430 et
1404 1351 1551 1428 assensus
1580 1353 1662 1428 sunt
1692 1357 1844 1451 appensa

507 1471 603 1565 apud
628 1472 816 1543 ciuitatem
842 1463 996 1540 nostram
1022 1466 1319 1540 Aberdonensem
1350 1469 1473 1540 odbarm
1496 1469 1554 1541 die
1582 1463 1714 1540 mensis
1740 1467 1843 1562 Juuij

508 1605 604 1656 anno
634 1581 783 1652 Domini
813 1575 1001 1650 millesrmo
1032 1577 1320 1673 quingentesimo
1350 1576 1560 1675 sexagesimo
1591 1579 1693 1653 sexto
1724 1605 1842 1654 eoram

508 1695 564 1766 bis
574 1689 727 1765 testibus
737 1683 904 1784 magistro
917 1688 1077 1760 Roberto
1091 1687 1273 1761 Lumsden
1284 1691 1330 1760 de
1430 1689 1639 1766 Alexandro
1651 1693 1787 1768 Forbes
1798 1695 1843 1766 de

508 1799 729 1896 Auobanusy
743 1841 751 1857 ·
766 1798 976 1871 Alexandro
989 1798 1065 1892 Pap
1079 1840 1087 1854 ·
1101 1797 1268 1894 nragistro
1281 1799 1306 1870 J
1308 1824 1425 1873 oanne
1439 1801 1677 1877 Robertsone·
1697 1804 1844 1877 Prouilb

508 1930 632 1990 tamen
650 1937 714 2008 per
730 1913 851 1984 omnia
867 1911 962 2003 quod
981 1911 1135 2004 quilibet
1152 1912 1255 1982 beres
1273 1923 1337 1981 aut
1354 1909 1542 2007 assignatus
1559 1918 1596 1988 in
1614 1919 1732 2010 primo
1748 1941 1844 1992 anno

507 2031 678 2102 introitus
700 2027 746 2098 ad
763 2032 999 2096 memoratam
1029 2024 1213 2095 baroniam
1245 2022 1304 2093 seu
1323 2021 1472 2095 schiram
1495 2037 1607 2098 terras
1634 2029 1842 2104 molendina

507 2138 654 2236 piscaria
686 2159 769 2210 cum
787 2136 981 2207 earundem
1009 2134 1211 2230 pendiculis
1237 2146 1275 2205 et
1301 2137 1527 2229 pertinenciis
1545 2135 1716 2211 uniuersis
1738 2137 1842 2235 supra

507 2251 647 2346 scriptis
682 2249 812 2322 didam
839 2247 1073 2320 seodilirmam
1099 2246 1298 2340 duplicabit
1336 2249 1439 2318 iuxta
1466 2245 1728 2340 dispositionem
1756 2254 1842 2324 iuris

507 2361 734 2458 municipalis
760 2361 866 2432 huius
890 2360 990 2453 regni
1007 2382 1049 2431 ao
1068 2355 1093 2430 li
1111 2357 1256 2452 presens
1277 2357 1437 2431 claul'ula
1453 2361 1487 2428 in
1503 2383 1649 2453 corpore
1667 2361 1842 2457 presentis

506 2485 606 2549 carte
622 2469 754 2546 inserta
770 2466 858 2543 esset
875 2472 969 2542 tanti
986 2471 1056 2542 erit
1073 2471 1208 2542 roboris
1225 2483 1262 2544 et
1282 2473 1453 2541 momenti
1471 2507 1479 2526 ·
1496 2509 1530 2528 ··

507 2698 589 2772 Heo
606 2695 659 2770 est
676 2721 760 2770 vera
778 2698 880 2790 copia
893 2692 1117 2788 transumpta
1130 2705 1169 2766 et
1184 2694 1311 2788 scripte
1324 2720 1389 2789 pcr
1406 2719 1462 2767 me
1477 2697 1704 2772 ll'illelmum
1724 2702 1840 2776 Brucc

506 2813 687 2884 notarium
704 2807 889 2904 publicum
908 2808 954 2879 ad
973 2807 1039 2878 hec
1055 2815 1221 2901 rogatum
1241 2820 1279 2878 et
1295 2805 1511 2900 requisitum.

1479 2919 1537 2993 W.
1558 2922 1599 2994 B.
1629 2923 1678 2996 N.
1699 2926 1738 2996 l‘.

506 3147 586 3220 Nos
611 3143 840 3239 infrascripti
859 3141 1037 3215 societatis
1060 3139 1147 3214 Jesu
1167 3140 1367 3216 sacerdotes
1394 3143 1562 3217 testamur
1588 3147 1691 3243 lbpra
1710 3148 1839 3246 scripta

504 3285 550 3334 ex
568 3257 781 3333 authentico
805 3279 913 3328 mann
931 3255 1060 3326 notarii
1087 3254 1221 3348 publici
1247 3255 1403 3329 fideliter
1429 3255 1635 3354 transcripta
1654 3263 1712 3334 dic
1730 3269 1838 3338 tertio

507 3371 718 3446 Decembris
735 3370 817 3442 anni
840 3367 934 3442 1668

925 3476 1137 3551 Alexander
1153 3479 1182 3551 C
1201 3518 1209 3535 ·
1227 3521 1235 3538 ·
1255 3523 1263 3538 ·
1284 3521 1292 3538 ·
1311 3481 1488 3555 societatis
1510 3481 1596 3556 Jel'u
1623 3483 1782 3560 sacerdos
1799 3505 1838 3562 et

976 3593 1012 3662 in
1031 3588 1192 3667 missione
1210 3592 1355 3667 Scoticu
1370 3617 1435 3688 pro
1452 3608 1609 3689 tempore
1628 3594 1785 3690 superior
1802 3640 1809 3654 ·

924 3703 1101 3800 Georgius
1120 3701 1276 3778 Leslaem
1293 3705 1470 3780 societatis
1484 3705 1567 3780 Jesu
1581 3706 1741 3782 sacerdos
1760 3755 1767 3770 ·
