4564 5968
486 687 556 758 168
1011 671 1313 748 REGIS'IRUM
1660 671 1813 770 [secum

481 886 692 958 deauratum
703 885 741 956 in
751 907 823 978 quo
833 879 1039 956 continetur
1048 895 1178 968 ymago
1188 869 1431 944 sanctione·
1446 871 1545 946 Item
1555 876 1626 949 duo
1636 876 1811 954 cristallo·

481 996 577 1070 Item
588 984 1043 1091 vuumjocoleeucheristie
1054 987 1260 1079 detergente
1272 983 1697 1062 deauretumodmodum
1709 986 1810 1064 castri

481 1131 564 1181 cum
581 1107 709 1180 berillo
726 1107 851 1180 dutum
876 1126 941 1199 per
955 1101 1140 1171 dominum
1158 1093 1358 1168 Henricum
1375 1092 1581 1190 episcopum
1609 1097 1813 1174 Liehtoune

479 1223 518 1292 in
536 1221 638 1293 cuiue
654 1216 860 1290 summitate
879 1214 1027 1309 ponitur
1049 1231 1176 1312 ymago
1194 1205 1356 1280 crucifixi
1373 1229 1457 1280 oum
1482 1209 1651 1303 ymagine
1668 1213 1815 1306 pietatis

482 1329 680 1426 prescripto
704 1329 790 1400 doto
805 1349 870 1421 per
884 1325 1070 1397 dominum
1086 1321 1291 1394 Iohannem
1313 1313 1457 1391 Frostnr
1480 1358 1490 1376 ·
1521 1359 1530 1376 ·
1561 1358 1570 1376 ·
1598 1318 1650 1392 Et
1666 1323 1704 1392 in
1722 1321 1816 1394 sum·

482 1443 610 1514 mitote
626 1439 720 1512 dieo
732 1433 943 1510 eucharistie
955 1435 1131 1530 frangitur
1141 1455 1211 1504 vno
1227 1433 1329 1527 pecie
1344 1454 1415 1524 qne
1428 1425 1533 1502 estin
1547 1429 1709 1506 custodia
1722 1433 1816 1506 thes·

481 1553 620 1624 oureric
651 1589 661 1607 ·
682 1549 779 1621 Item
804 1569 916 1619 vnum
942 1569 1013 1640 pnx
1038 1545 1124 1617 bred
1150 1545 1195 1617 de
1213 1553 1362 1640 urgento
1386 1544 1558 1615 deceroto
1574 1565 1659 1615 cum
1678 1548 1815 1640 ymagi-

481 1664 588 1735 nibus
598 1659 761 1734 crucifixi
771 1659 878 1730 beato
888 1658 1036 1752 virginis
1049 1668 1087 1728 et
1099 1653 1210 1729 saneti
1222 1654 1399 1728 Iohannis
1412 1656 1538 1727 dotum
1550 1677 1615 1750 per
1627 1653 1814 1728 dominum

479 1773 655 1845 Thomom
665 1766 871 1863 episcopum
878 1763 1219 1838 Abberdonensem·
1235 1765 1332 1838 Item
1344 1768 1417 1839 duo
1427 1764 1814 1862 condelobmsnperiuo

480 1886 669 1978 argentata
695 1899 759 1970 per
784 1876 919 1947 dittum
941 1876 1127 1948 dominum
1152 1875 1355 1971 episcopum
1381 1917 1391 1936 ·
1419 1877 1515 1950 Item
1535 1900 1606 1950 uno
1631 1878 1748 1973 peluis
1768 1879 1815 1952 de

480 1999 630 2088 urgento
641 2011 724 2062 oum
737 1987 880 2060 louaero
889 1986 975 2058 dato
984 2009 1048 2080 per
1060 1987 1245 2059 dominum
1256 1986 1464 2060 Gilbertum
1476 1987 1814 2086 episcopum-Item

480 2095 1741 2196 duepelueedeergentoprolotioneincircumferencijodeourutedote
1752 2127 1816 2199 per

480 2215 666 2287 dominum
681 2207 885 2304 episcopum
896 2206 1098 2281 Henrieum
1116 2206 1435 2280 Abteroonensem
1451 2233 1535 2283 curn
1553 2211 1813 2309 subscriptione

480 2327 676 2420 incipiente
703 2321 908 2393 Huunrouu
927 2340 993 2392 nur
1020 2339 1159 2392 curcur
1178 2339 1258 2392 nro.
1285 2339 1394 2391 ructu
1412 2339 1466 2392 ue
1491 2341 1598 2394 munt
1616 2345 1721 2397 tuuc
1748 2347 1816 2398 no·

480 2458 570 2510 nuru
600 2453 808 2508 mutnusruo
833 2451 1228 2513 eueneruourtresrrto
1253 2450 1457 2505 rurensuto
1483 2451 1625 2507 runem
1651 2455 1699 2506 nr
1727 2456 1816 2516 0111-

479 2569 640 2629 ourtouu
665 2565 735 2620 rtot
754 2563 1014 2618 tntuutunmr
1039 2563 1088 2616 tn
1105 2561 1187 2616 πετο
1213 2561 1464 2616 utrumme
1490 2563 1636 2618 notent
1663 2565 1814 2620 nouum

480 2683 537 2734 stu
557 2679 721 2734 cornuue
737 2681 759 2730 t
778 2677 908 2730 ououo
926 2676 993 2728 nu1
1012 2696 1020 2712 ·
1040 2653 1135 2726 Item
1153 2677 1263 2727 vnum
1281 2677 1431 2749 paruum
1449 2655 1591 2730 cocleur
1606 2658 1652 2730 de
1662 2670 1814 2754 urgento

480 2774 606 2846 dutum
630 2792 696 2865 per
719 2769 894 2842 Thomom
920 2767 1008 2842 Prot
1023 2764 1235 2863 burgensem
1260 2767 1305 2840 de
1322 2765 1519 2841 Aberdene
1542 2805 1552 2828 ·
1579 2766 1677 2840 Item
1703 2793 1813 2842 unum

480 2881 705 2956 thuribulum
731 2888 971 2976 argenteum·
990 2877 1085 2952 Item
1104 2901 1214 2950 unum
1240 2899 1411 2974 magnum
1436 2877 1662 2952 thuribulum
1688 2905 1815 2978 orgen·

480 3009 580 3066 teum
598 3015 662 3086 per
679 2991 864 3062 dominum
882 2988 1082 3062 Henricum
1100 2987 1303 3083 episcopum
1326 2990 1455 3061 dotum
1471 2991 1518 3064 de
1534 3013 1608 3085 quo
1624 2990 1709 3064 sunt
1725 3017 1812 3087 quo-

480 3119 563 3179 tuor
589 3116 708 3177 turres
747 3103 857 3174 staec
886 3111 926 3173 et
954 3097 1037 3173 sunt
1065 3102 1102 3172 iu
1137 3095 1298 3173 custodio
1330 3095 1547 3175 thesaurario
1575 3139 1585 3158 ·
1611 3101 1708 3175 Item
1741 3105 1814 3180 due

479 3219 587 3289 mitre
613 3236 764 3308 querum
782 3235 852 3284 vno
876 3211 1032 3305 precioso
1048 3223 1087 3286 et
1105 3211 1297 3284 reformato
1322 3223 1361 3284 et
1384 3211 1520 3306 lapidet
1544 3210 1629 3288 sunt
1654 3213 1811 3290 restituti

479 3354 544 3425 per
593 3327 779 3397 dominum
834 3321 884 3392 W
887 3322 1063 3395 illelmum
1106 3320 1310 3417 episcopum
1360 3325 1574 3398 modernum
1619 3326 1813 3402 deficiente

480 3463 550 3513 vno
576 3437 622 3509 de
647 3436 848 3530 puuonibus
872 3431 1053 3506 reseruuto
1078 3436 1114 3505 in
1138 3433 1220 3506 cibo
1246 3435 1368 3529 pixide
1384 3445 1426 3507 vt
1450 3439 1660 3510 continetur
1680 3441 1719 3510 in
1743 3441 1812 3514 hoe

479 3552 571 3625 libro
588 3547 726 3620 infolio
743 3545 932 3620 intitulato
950 3546 996 3619 de
1012 3549 1141 3620 mitro·
1161 3545 1256 3618 Item
1276 3547 1346 3618 due
1362 3548 1556 3640 cyrothece
1572 3571 1655 3621 cum
1673 3550 1813 3624 duobus

478 3661 652 3737 ioculibuc
675 3695 685 3716 ·
710 3656 808 3731 Item
843 3656 962 3730 boculi
987 3653 1180 3752 postorales
1202 3660 1247 3731 de
1271 3669 1423 3754 urgento
1447 3681 1600 3752 quorum
1632 3683 1722 3734 unus
1749 3687 1813 3758 per

477 3783 598 3847 toturn
611 3765 666 3844 est
683 3767 876 3842 decoratus
893 3781 932 3842 et
944 3768 1037 3842 elius
1055 3771 1246 3844 deauratus
1257 3773 1294 3843 in
1306 3771 1428 3864 cupite
1444 3779 1588 3844 tontum
1601 3810 1611 3831 ·
1625 3770 1722 3846 Item
1740 3777 1812 3848 duo

478 3896 605 3960 textus
639 3880 919 3976 euangeliorum
952 3903 1043 3955 unus
1085 3882 1130 3954 de
1164 3895 1312 3978 urgento
1353 3880 1528 3955 decumo
1565 3893 1605 3956 et
1640 3883 1733 3958 etius
1766 3888 1812 3960 de

478 3993 656 4072 conculco
685 4013 838 4086 quorum
871 4014 964 4066 nnus
999 4003 1099 4068 curet
1131 3996 1296 4090 pmcg'ne
1332 3992 1441 4067 beute
1470 3991 1592 4068 Morie
1627 3997 1810 4094 virg’uit·

480 4107 577 4182 Item
609 4105 769 4199 quicque
797 4101 933 4177 serenio
965 4127 1096 4202 mugno
1132 4129 1197 4199 pro
1230 4104 1369 4178 librit-
1405 4102 1501 4178 Item
1536 4117 1693 4202 quotuor
1730 4107 1812 4186 iiste

479 4216 634 4294 rotunde
659 4251 669 4272 ·
694 4213 793 4287 Item
817 4210 879 4287 sex
898 4228 1026 4312 cogete
1042 4239 1112 4290 vno
1128 4214 1228 4290 obest
1244 4239 1310 4312 per
1327 4215 1578 4314 Tynningome
1594 4220 1812 4296 archidiaco-

477 4353 565 4404 num
596 4339 635 4403 et
663 4326 756 4402 oliuo
785 4321 864 4421 post
886 4326 1026 4400 obitum
1052 4328 1252 4402 Aiexondri
1273 4329 1452 4423 quondum
1480 4331 1630 4404 rettoris
1652 4333 1699 4406 de
1726 4333 1812 4408 For-

477 4445 543 4516 ber
574 4481 584 4501 ·
623 4438 721 4513 Item
754 4457 865 4510 vnum
895 4461 1065 4536 muguum
1096 4442 1252 4514 iettrorn
1286 4461 1368 4514 eum
1401 4451 1558 4534 quotuor
1589 4443 1813 4520 candelebrio

475 4555 571 4630 ereio
589 4553 694 4627 iuxto
711 4571 883 4650 magnum
898 4551 1012 4626 ultore
1028 4553 1153 4627 dotum
1171 4576 1236 4648 por
1251 4551 1436 4626 domiuum
1455 4551 1707 4630 Alexandrum
1723 4557 1813 4654 epiI-
