4564 5968
515 685 582 750 134
1022 679 1328 754 REGISTRUM
1697 686 1847 782 [secum

512 880 606 952 Item
625 880 844 954 clementine
862 877 999 976 glosate
1017 881 1054 950 in
1072 875 1230 950 secundo
1248 879 1334 950 solio
1350 877 1550 952 Nouembris
1568 921 1575 936 ·

511 991 604 1064 Item
623 993 823 1066 decretales
840 990 976 1090 glosate
993 992 1031 1062 in
1049 987 1207 1062 seeundo
1225 990 1312 1061 folio
1338 987 1487 1083 Vtstnt·

511 1103 604 1176 Item
623 1103 810 1202 degestum
831 1119 934 1177 vetus
952 1105 1079 1196 incipit
1098 1105 1133 1174 in
1153 1097 1311 1174 secundo
1335 1102 1421 1174 solio
1449 1101 1540 1193 an'o
1560 1107 1736 1202 constare·
1758 1105 1849 1200 [lle-

560 1219 697 1310 pcritur
714 1215 743 1310 ·]

943 1551 1126 1642 Incipiunt
1145 1571 1250 1622 uram
1269 1571 1411 1622 onom·

508 1774 552 1844 In
580 1773 702 1866 pritnis
729 1795 792 1864 pro
819 1768 921 1842 stallo
947 1769 1100 1864 episcopi
1130 1795 1241 1842 vnum
1265 1777 1487 1866 portitorium
1517 1777 1553 1846 In
1577 1773 1733 1847 secundo
1761 1771 1846 1844 solio

560 1883 612 1954 Et
623 1882 785 1980 crylodr'nt
802 1922 809 1938 ·

509 1996 604 2066 Item
623 2017 686 2088 pro
705 1991 807 2064 stallo
825 1993 950 2062 decani
970 2014 1078 2060 vnum
1097 1994 1389 2084 antiphonarium
1405 2021 1489 2070 cum
1508 1997 1678 2094 psalterio
1696 2000 1733 2070 in
1760 1998 1846 2068 duo·

558 2109 624 2179 bus
642 2105 882 2176 voluminibus
901 2106 935 2174 ln
954 2099 1110 2173 secundo
1129 2102 1216 2175 folio
1234 2107 1338 2198 primi
1356 2109 1551 2182 voluminis
1574 2109 1622 2184 Te
1638 2111 1816 2182 motuum
1836 2148 1844 2164 ·

558 2217 607 2289 Et
618 2220 654 2289 in
666 2215 821 2289 secundo
833 2215 917 2284 snlio
930 2212 1073 2284 secundi
1086 2215 1281 2286 voluminis
1291 2214 1366 2310 post
1380 2219 1586 2311 psalterium
1599 2221 1654 2294 Et
1665 2221 1837 2294 dameam

509 2331 557 2402 Iit
575 2333 685 2401 inum
703 2326 847 2424 gradale
866 2327 1039 2419 incipiens
1057 2326 1093 2394 in
1111 2322 1270 2397 secundo
1288 2327 1373 2399 solio
1391 2328 1532 2402 Intende
1549 2357 1614 2428 qno
1631 2332 1768 2404 deducis
1784 2373 1792 2388 ·

507 2444 601 2517 Item
616 2467 679 2538 pro
694 2439 797 2514 stallo
809 2439 965 2512 carnonis
979 2459 1089 2508 vnum
1103 2438 1392 2532 antiphonarium
1406 2465 1489 2514 cum
1504 2443 1671 2536 psalterio
1689 2443 1844 2514 secundo

555 2557 641 2629 solio
657 2553 775 2628 blato·
791 2549 945 2624 criuntur
962 2590 970 2606 ·

508 2671 555 2742 Et
574 2691 683 2739 vnum
701 2665 846 2760 gradale
865 2663 1038 2755 incipiens
1056 2663 1093 2732 in
1112 2663 1222 2733 tertio
1240 2663 1325 2734 solio
1341 2661 1462 2736 bortis
1473 2691 1541 2763 pc·
1562 2706 1569 2722 ·
1589 2707 1596 2721 ·
1617 2709 1625 2722 ·

506 2783 600 2855 Item
629 2781 675 2852 ad
698 2777 840 2850 stallum
867 2774 1080 2847 cancellurIe
1106 2797 1219 2845 vnum
1246 2776 1467 2868 portisorium
1496 2773 1570 2850 stne
1597 2777 1765 2872 psalterio
1791 2776 1842 2849 se·

553 2893 671 2962 cundo
689 2889 775 2960 solio
793 2929 800 2944 ·
823 2885 916 2958 Ecce
933 2887 1020 2956 nuit
1035 2911 1124 2956 ren·

506 3005 552 3076 lit
573 3025 681 3074 vnum
699 2999 906 3094 psalterium
924 3019 1007 3068 enm
1024 2997 1150 3068 multis
1167 2996 1248 3090 alijs
1267 2995 1473 3070 insecundo
1491 3000 1576 3073 t'olio
1595 2999 1765 3098 Esurient
1782 3042 1790 3058 ·

506 3118 553 3188 Et
580 3137 689 3185 vnum
716 3109 922 3206 psalterium
949 3131 995 3178 ex
1022 3108 1117 3178 dono
1144 3106 1303 3202 magistri
1329 3107 1496 3182 Doneani
1528 3113 1573 3182 ‹lc
1601 3111 1768 3206 Lychton
1804 3115 1839 3182 In

552 3225 708 3300 secundo
726 3223 812 3294 solio
829 3219 987 3294 cilencr‘c·

505 3343 597 3414 Item
616 3339 661 3410 ad
681 3333 824 3408 stallum
843 3328 1060 3404 tlresaurarie
1080 3353 1190 3401 rnum
1218 3332 1505 3424 anIIplronurium
1526 3337 1561 3406 in
1581 3334 1736 3408 secundo
1754 3335 1840 3406 solio

563 3450 658 3522 Viam
676 3447 732 3521 cr’·

504 3567 598 3638 Item
617 3583 727 3634 vnum
746 3555 892 3653 gradale
910 3557 946 3626 in
965 3553 1121 3625 secundo
1139 3553 1227 3624 solio
1244 3551 1333 3628 tolita
1344 3565 1489 3652 portas.

502 3679 551 3751 Et
569 3699 680 3748 vnum
698 3669 902 3767 psalterium
922 3671 958 3738 In
978 3666 1133 3739 secundo
1152 3666 1238 3738 t'olio
1260 3663 1296 3738 Τ
1291 3691 1376 3740 roro·

502 3792 597 3864 Item
622 3787 668 3860 ad
696 3781 840 3856 stallum
866 3779 1105 3853 archidiaconi
1133 3801 1245 3848 rnum
1269 3780 1558 3874 antIplronarium
1578 3777 1652 3854 stne
1669 3780 1837 3876 psalterio

548 3905 586 3974 In
604 3895 759 3970 secundo
776 3891 862 3964 folio
880 3893 952 3982 Qui
966 3893 1054 3990 repis
1071 3888 1185 3988 Isroel
1199 3889 1352 3964 irrtendc·

503 4014 627 4086 I’num
645 4005 852 4105 psalterium
870 4007 906 4076 in
925 4003 1081 4076 secundo
1099 4003 1186 4076 sollo
1205 4001 1381 4100 Eosrrpcr
1395 4001 1514 4100 Syon·
1659 4019 1663 4026 '

502 4125 548 4198 Et
576 4115 828 4218 procolsronule
854 4117 891 4187 in
917 4115 1073 4188 secundo
1099 4115 1186 4187 t'olio
1212 4112 1454 4212 Miserehitnr·
1473 4115 1599 4188 datum
1625 4139 1691 4211 per
1710 4117 1837 4212 magis·

547 4248 644 4308 tmm
661 4229 837 4304 Thomam
853 4226 1138 4323 'l'lrenynghamc
1156 4227 1444 4300 archidiaconum
1463 4237 1552 4301 tune
1570 4230 1742 4324 temporis
1761 4281 1769 4300 .

499 4349 593 4421 Item
610 4345 656 4418 ad
674 4337 818 4414 stallum
835 4340 881 4411 de
901 4337 1083 4411 Illctlrlailr
1112 4336 1311 4434 temporale
1336 4333 1409 4412 line
1434 4337 1603 4434 psalterio
1621 4343 1658 4414 ln
1678 4338 1834 4414 seeundo

546 4457 632 4532 solio
649 4451 868 4528 Praetorem
888 4491 896 4508 ·

499 4571 546 4643 Iit
564 4591 674 4642 rnum
694 4561 841 4663 gradale
858 4565 894 4634 in
914 4563 1022 4634 tertio
1040 4561 1127 4634 solio
1144 4563 1309 4635 Animum
1326 4585 1429 4634 menen
1448 4605 1456 4620 ·
