4612 5964
969 703 1276 779 REGISTRUM
1644 713 1795 808 [aecum

612 1019 670 1090 De
687 1013 919 1090 conuersronc
937 1015 1035 1086 chori
1055 1015 1099 1086 ad
1119 1013 1234 1087 altare
1252 1011 1486 1109 persingulas
1504 1017 1608 1090 horae
1627 1059 1634 1076 ·

445 1225 617 1300 Conuersr
635 1223 680 1300 ad
698 1228 814 1300 altare
840 1235 1017 1296 tenentur
1041 1223 1162 1298 clerici
1190 1223 1282 1298 stare
1306 1229 1343 1298 in
1371 1227 1480 1297 choro
1498 1229 1542 1298 ad
1563 1225 1722 1320 resperas
1747 1251 1791 1298 cx

445 1363 515 1432 quo
542 1341 676 1412 dieitur
696 1338 806 1409 Deua
824 1355 867 1406 rrr
885 1355 1136 1406 anruronruru
1154 1334 1337 1430 quousque
1360 1337 1555 1430 incipiatur
1570 1339 1684 1431 prima
1702 1341 1794 1409 anti·

444 1451 563 1545 pirona
579 1447 684 1544 super
700 1447 855 1543 psalmos
868 1483 877 1502 ·
890 1442 997 1517 simili
1016 1469 1160 1539 quoque
1178 1449 1284 1519 modo
1303 1447 1338 1520 se
1355 1448 1514 1520 habeant
1531 1450 1567 1518 in
1587 1449 1793 1541 inceptione

444 1558 634 1633 cuiussibet
651 1560 739 1631 bore
757 1567 796 1628 et
813 1557 1106 1650 quandocunque
1124 1559 1258 1631 dieitur
1273 1579 1414 1632 canora
1434 1579 1546 1630 rarnr
1566 1599 1574 1616 ·
1593 1557 1636 1629 In
1651 1557 1791 1651 respon-

443 1673 541 1766 sorijs
560 1695 644 1743 vcro
662 1669 852 1742 cantandis
877 1669 1098 1762 generaliter
1114 1667 1322 1742 obseruetur
1339 1671 1434 1764 quod
1458 1666 1596 1742 scilicet
1612 1671 1642 1741 ia
1659 1668 1715 1740 rel
1742 1671 1791 1760 hij

442 1785 503 1876 qni
521 1777 782 1877 responsorium
797 1789 950 1852 cantant
976 1779 1162 1874 quousque
1179 1779 1299 1853 versae
1315 1802 1456 1854 onoma
1476 1801 1589 1854 rarat
1607 1776 1632 1852 sr
1650 1801 1789 1852 onoma

443 1915 554 1965 rarnr
591 1893 745 1964 habetur
778 1902 1015 1984 percontetur
1049 1889 1141 1964 stare
1175 1903 1348 1965 tenentur
1376 1894 1421 1964 ad
1456 1893 1572 1966 altare
1600 1887 1789 1966 conuersi·

442 2006 570 2076 chorus
598 2025 742 2096 quoque
768 2003 805 2074 in
835 1998 944 2096 ipsrua
970 2000 1179 2098 responsorij
1211 2005 1416 2097 inceptione
1438 2005 1482 2076 ad
1512 2005 1626 2078 altare
1648 2002 1684 2076 se
1707 2027 1791 2076 con·

442 2117 553 2187 uertit
569 2109 755 2208 quousque
768 2109 844 2207 ipse
857 2113 988 2184 chorae
1002 2125 1150 2186 cantet·
1166 2110 1329 2185 fimititer
1340 2111 1553 2188 obseruatur
1569 2119 1605 2188 in
1624 2116 1790 2187 omnibus

440 2226 608 2322 capitulis
621 2235 659 2298 et
671 2224 833 2298 collectis
847 2225 1010 2296 dicendis
1023 2236 1063 2296 et
1076 2226 1112 2294 in
1128 2225 1200 2294 line
1214 2227 1373 2294 omnium
1388 2224 1601 2318 hymnorum
1614 2229 1699 2298 etin
1713 2249 1790 2298 om·

440 2339 545 2410 nibus
564 2331 746 2409 uersiculis
763 2374 772 2393 ·
791 2332 1006 2406 obsemetur
1022 2337 1133 2406 ctiam
1152 2331 1231 2427 post
1249 2355 1511 2408 uaoxrrrcar·
1532 2357 1639 2408 nunc
1661 2359 1789 2409 nrrrrr-

439 2471 498 2522 rra
514 2461 552 2522 et
571 2465 814 2520 annumeras
833 2469 881 2518 ex
907 2469 981 2538 quo
1007 2447 1141 2517 dicitur
1161 2465 1300 2516 croam
1328 2465 1439 2516 earm
1459 2445 1644 2540 quousque
1670 2459 1786 2518 totum

438 2559 624 2634 seruitium
642 2557 742 2630 illiue
758 2557 847 2629 hore
860 2556 1075 2651 expleatur·
1091 2553 1197 2628 simili
1211 2578 1354 2649 qnoque
1365 2557 1473 2628 modo
1487 2554 1697 2630 obsemetur
1710 2556 1786 2652 poll

439 2674 605 2745 ultimum
618 2667 758 2742 versum
772 2668 893 2740 vltimi
904 2666 1030 2763 psalmi
1042 2665 1235 2740 cuiussibet
1248 2667 1333 2740 hore
1346 2669 1442 2760 quod
1455 2666 1593 2743 scilicet
1604 2669 1732 2741 chorus
1743 2665 1785 2740 sn

356 2867 363 2876 ,
437 2783 577 2878 semper
591 2777 787 2856 conuersae
804 2781 849 2852 ad
867 2780 983 2852 altare
1001 2776 1187 2872 quousque
1204 2775 1462 2872 responsorium
1482 2783 1675 2875 incipiatur
1691 2777 1717 2852 ii
1735 2805 1788 2852 rc·

437 2893 654 2989 sponsorium
669 2891 826 2963 habetur
838 2889 896 2962 rel
909 2889 1113 2984 capitulum
1129 2891 1261 2962 dicitur
1273 2930 1282 2948 ·
1295 2886 1459 2962 similiter
1471 2891 1535 2964 fiat
1548 2893 1586 2963 in
1601 2892 1785 2964 laudibus·

437 3006 598 3079 sacerdos
614 3026 700 3074 vero
724 3002 880 3073 dicendo
904 3000 1106 3094 capitulum
1126 3022 1193 3071 nec
1212 2998 1354 3072 stallum
1382 3025 1449 3073 nec
1475 3003 1640 3074 habitum
1666 3018 1784 3076 mutet

435 3117 493 3190 scd
513 3115 666 3188 dicendo
683 3113 728 3184 ad
748 3109 863 3184 altare
880 3111 917 3184 sc
935 3123 1128 3182 conuertat
1153 3109 1347 3183 ministerio
1373 3115 1475 3206 pueri
1494 3115 1531 3184 in
1549 3137 1661 3209 cappo
1684 3119 1785 3210 nigro

435 3230 564 3302 librum
582 3249 666 3299 cum
691 3223 829 3295 lumine
855 3223 1054 3294 deserentis
1071 3234 1111 3293 et
1129 3221 1196 3293 lroc
1214 3221 1352 3316 semper
1368 3221 1583 3296 obsemetur
1600 3225 1644 3297 ad
1662 3251 1786 3300 ornnes

436 3339 597 3434 resperas
620 3349 659 3408 et
684 3336 729 3407 ad
754 3335 956 3406 matutinae
981 3331 1231 3426 principaliter
1255 3336 1290 3404 io
1315 3332 1416 3406 festia
1433 3347 1472 3408 et
1490 3337 1590 3430 icrija
1614 3342 1784 3431 quociens

434 3449 633 3544 capitulum
661 3447 795 3518 dicitur
812 3443 857 3517 ad
875 3441 1019 3516 casdem
1039 3484 1048 3502 ·
1068 3443 1163 3515 idem
1184 3441 1394 3516 obsemetur
1411 3447 1448 3517 in
1466 3443 1567 3518 iestis
1583 3448 1784 3541 duplicibus

434 3572 589 3656 excepto
605 3557 701 3652 quod
719 3579 811 3650 puer
827 3557 864 3626 in
884 3554 1137 3650 superpellicio
1151 3579 1233 3627 cum
1254 3554 1390 3628 lumine
1408 3555 1527 3628 desert
1544 3557 1673 3630 librum
1694 3601 1702 3618 ·
1722 3561 1781 3632 lid

433 3675 630 3747 matutinas
661 3667 731 3741 stet
766 3667 898 3740 clrorua
931 3668 976 3740 ad
1013 3666 1129 3739 altare
1163 3665 1355 3738 conuersus
1389 3669 1424 3738 io
1462 3670 1571 3740 inicio
1600 3668 1782 3764 quousque

433 3788 561 3860 vltimo
581 3783 818 3877 reincipiatur
844 3781 1099 3854 inuitatorium
1118 3792 1157 3852 et
1176 3781 1212 3850 in
1231 3773 1377 3872 nogotio
1394 3780 1579 3850 nodtumir
1604 3778 1681 3874 post
1702 3782 1783 3853 elti-

432 3922 530 3972 mum
549 3893 688 3970 versum
708 3894 827 3966 ultimi
849 3891 976 3988 psalmi
995 3888 1181 3986 quousque
1199 3889 1388 3962 inchoetur
1405 3890 1512 3962 ledia
1528 3931 1538 3948 ·
1556 3892 1601 3964 ad
1628 3915 1782 3985 pronun·

431 4013 619 4084 riationem
638 4017 762 4079 autern
780 3999 974 4076 cuiuslibet
993 4001 1177 4096 euangelii
1189 4002 1234 4074 ad
1253 3998 1365 4094 ipsum
1384 4001 1555 4074 letiorem
1571 3999 1639 4076 stet
1654 4005 1781 4076 clrorur

431 4117 624 4196 conuersus
640 4119 727 4189 dum
747 4115 858 4188 verba
880 4115 1062 4209 euangelij
1081 4115 1254 4186 dicuntur
1270 4111 1439 4184 videlicet
1456 4109 1567 4206 vsque
1585 4114 1716 4186 dicitur
1734 4137 1780 4187 nr

431 4251 628 4312 ararum·-
648 4227 692 4300 ln
707 4227 916 4319 inceptione
933 4237 1058 4298 autem
1072 4223 1129 4296 Te
1144 4223 1263 4294 Dnurr
1276 4217 1346 4294 stet
1359 4223 1490 4294 chorae
1507 4225 1552 4296 ad
1566 4224 1679 4296 altare
1695 4250 1781 4298 coo·

431 4344 552 4417 uerlira
566 4342 681 4414 donec
694 4338 825 4411 chorur
838 4334 1015 4430 psalmum
1030 4345 1156 4409 cantet
1168 4345 1208 4407 et
1221 4333 1304 4406 dum
1322 4333 1470 4406 vltimur
1484 4334 1606 4407 versuo
1617 4339 1777 4410 canitur·

429 4455 573 4550 quando
590 4473 676 4524 rero
699 4449 755 4522 Ta
781 4447 903 4520 Daurr
922 4469 996 4518 non
1014 4443 1225 4519 dicitursed
1242 4465 1377 4516 nonum
1395 4442 1654 4540 responsorium
1678 4471 1779 4543 repe·

428 4571 520 4642 titur
535 4576 625 4638 tunc
642 4563 688 4636 ad
705 4560 821 4636 altare
838 4567 1032 4632 conuertat
1049 4555 1086 4630 se
1103 4557 1233 4630 clrorue
1248 4553 1431 4650 quousque
1454 4559 1649 4652 incipiatur
1664 4563 1776 4652 prima
