4612 5964
437 709 486 775 84
957 697 1266 772 REGISTRUM
1626 707 1779 803 [secum

438 901 485 974 lu
504 901 741 974 Duentcrnus
760 899 894 972 Fssns
911 919 1038 970 omnes
1050 905 1206 990 quatuor
1220 900 1373 968 restores
1388 894 1491 970 simul
1510 910 1630 974 totum
1648 905 1781 976 inuita-

437 1015 569 1085 torium
596 1023 746 1086 cantent
773 1021 970 1105 antequam
999 1033 1021 1080 a
1047 1009 1156 1080 ebore
1182 1017 1369 1100 repetatur
1389 1020 1427 1080 et
1453 1018 1575 1082 tatum
1604 1011 1778 1107 psalmum

439 1145 581 1196 venian
594 1120 697 1196 simul
711 1134 864 1198 cantent
881 1163 889 1180 ·
909 1122 1041 1194 deinde
1059 1119 1266 1215 principalis
1283 1121 1395 1190 rettor
1411 1132 1449 1190 et
1465 1117 1550 1191 suus
1562 1122 1781 1197 collateralis

439 1233 541 1307 simul
559 1257 733 1330 ympnum
761 1236 935 1328 incipiant
953 1243 992 1304 et
1008 1230 1164 1326 psalmos
1184 1233 1351 1302 intonent
1369 1269 1378 1288 ·
1393 1240 1432 1301 et
1449 1227 1679 1305 secundarius
1696 1259 1780 1308 eum

438 1345 499 1418 sua
516 1345 714 1418 collaterali
732 1369 778 1416 ex
797 1355 900 1439 parte
918 1344 980 1415 sua
996 1345 1125 1415 eodem
1150 1341 1258 1412 modo
1275 1339 1311 1412 se
1327 1349 1425 1435 gerat
1442 1351 1610 1434 preterea
1625 1339 1688 1436 ipsi
1707 1346 1780 1416 eol·

439 1457 604 1530 laterales
622 1453 814 1528 versiculos
832 1466 871 1528 st
891 1474 1164 1527 snneorcanus
1180 1454 1393 1546 iniungant·

438 1568 499 1639 Ad
515 1568 671 1638 Primam
687 1566 907 1638 collateralia
923 1589 970 1638 ex
988 1577 1091 1659 parte
1109 1567 1207 1637 ebori
1226 1561 1480 1659 responsorium
1493 1562 1592 1638 Jaau
1606 1565 1779 1639 Cumara

439 1681 632 1772 iniungat·

438 1790 499 1861 Ad
523 1787 667 1861 blidam
686 1810 772 1858 vero
793 1785 1002 1880 principalis
1023 1786 1141 1856 resecr
1163 1806 1304 1858 ononis
1325 1809 1365 1859 m
1380 1807 1559 1860 encausta
1584 1812 1606 1860 a
1631 1801 1779 1862 cantore

437 1909 563 1994 querat
590 1909 629 1970 et
653 1895 828 1969 sacerdoti
855 1897 1023 1990 iniungat
1057 1907 1178 1968 cetera
1204 1908 1328 1968 autem
1356 1901 1473 1972 omnia
1508 1895 1600 1973 ficut
1625 1903 1663 1973 in
1699 1897 1780 1972 strn-

437 2011 590 2105 plicibus
616 2009 661 2079 de
688 2008 828 2078 duobus
856 2006 991 2076 ditium
1023 2002 1077 2076 est
1106 2018 1335 2098 exequantur
1360 2051 1368 2066 ·
1393 2010 1566 2084 Preterea
1595 2011 1778 2086 sciendum

437 2117 491 2192 est
518 2118 612 2210 quod
631 2113 657 2188 sl
676 2117 805 2208 aliquis
830 2113 1010 2186 cestorum
1040 2114 1136 2187 ebori
1166 2117 1202 2186 in
1222 2114 1437 2210 fimplieibus
1462 2117 1562 2194 sestis
1589 2125 1626 2194 in
1653 2124 1780 2199 tabula

437 2228 602 2302 scribitur
618 2229 662 2300 ad
681 2227 903 2298 cantandum
922 2221 1017 2294 solus
1034 2248 1185 2318 cappam
1204 2225 1349 2300 sericam
1369 2231 1511 2302 interim
1529 2255 1602 2304 non
1621 2237 1779 2330 deponat

438 2338 603 2412 dautem
630 2361 711 2411 cunr
739 2337 861 2428 aliquo
888 2339 1091 2407 eantauerit
1110 2337 1145 2406 in
1166 2336 1291 2408 babitu
1315 2336 1351 2410 se
1375 2339 1424 2410 illi
1451 2343 1655 2418 consonnet
1672 2385 1681 2404 ·
1701 2371 1780 2440 pre-

437 2466 537 2524 terea
555 2447 578 2521 st
596 2452 641 2522 ad
666 2450 861 2544 legendum
888 2443 1055 2518 scribitur
1082 2447 1246 2519 habitum
1276 2449 1470 2544 legentium
1498 2465 1603 2526 extra
1629 2457 1777 2530 eborum

437 2561 612 2636 assumat·

487 2793 545 2864 De
561 2790 803 2864 altematione
820 2788 920 2862 ebori
938 2811 1003 2882 per
1020 2787 1239 2883 septimanas
1255 2783 1402 2860 ecclesia
1414 2787 1701 2864 Abbirdonensrs
1718 2835 1727 2850 ·

437 3015 601 3088 Alternis
628 3014 724 3084 enim
760 3011 896 3081 vicibus
925 3033 989 3102 per
1013 3008 1231 3102 septimanas
1259 3007 1328 3080 ell'e
1354 3011 1459 3082 debet
1485 3012 1617 3085 charus
1640 3010 1777 3090 scilicet

438 3151 506 3198 rna
523 3124 721 3219 septimana
738 3143 784 3192 ex
804 3133 906 3213 parte
923 3120 1050 3191 decani
1068 3131 1106 3190 et
1124 3120 1194 3190 alia
1212 3144 1257 3190 ex
1277 3133 1378 3212 panc
1398 3125 1556 3195 cantoris
1572 3161 1582 3178 ·
1601 3123 1643 3196 ln
1663 3131 1780 3200 oarni-

438 3240 503 3311 bus
533 3247 654 3308 tamen
684 3228 782 3303 sestis
812 3229 1018 3322 duplicibus
1045 3228 1185 3323 semper
1212 3231 1321 3302 debet
1351 3228 1417 3302 elle
1443 3233 1574 3307 eborus
1598 3261 1643 3309 cx
1676 3255 1778 3330 parte

436 3349 561 3420 ‹lecani
592 3368 655 3439 per
683 3353 801 3414 totum
829 3363 965 3412 annum
991 3335 1016 3410 sr
1044 3342 1152 3413 fauerit
1178 3343 1227 3412 ibi
1255 3340 1483 3434 personaliter
1509 3345 1655 3439 presens
1682 3353 1776 3443 «parad

436 3461 598 3532 diuinum
615 3455 773 3526 cilicium
792 3455 829 3523 in
848 3450 920 3523 illis
937 3447 1036 3522 sestis
1058 3467 1263 3545 exequatur
1281 3449 1344 3524 nili
1363 3457 1396 3525 in
1416 3455 1619 3531 ebdomada
1645 3465 1778 3533 natiui-

436 3573 521 3644 tatis
548 3568 684 3639 domiai
707 3561 834 3659 pasclre
852 3574 890 3634 et
910 3559 1164 3655 penthecostes
1182 3575 1270 3634 tunc
1288 3566 1381 3636 enirn
1404 3567 1440 3636 in
1467 3567 1540 3640 illis
1566 3568 1666 3642 sellia
1693 3597 1777 3646 erar·

435 3683 546 3754 tinnis
570 3677 774 3772 duplicibus
804 3669 951 3770 lingulis
977 3675 1106 3746 diebus
1131 3676 1261 3746 chorus
1287 3687 1446 3748 mutatur
1462 3717 1472 3736 ·
1491 3676 1535 3750 lo
1563 3681 1775 3774 quibusdam

435 3807 556 3866 tanuen
574 3786 797 3882 temporibus
822 3787 907 3858 anni
927 3808 999 3856 non
1028 3809 1093 3880 per
1118 3785 1337 3880 septimanas
1354 3785 1409 3858 sed
1427 3809 1492 3882 per
1514 3784 1673 3884 singulos
1699 3797 1777 3866 dics

433 3905 562 3978 chorus
586 3911 751 3971 mutatur
775 3894 911 3968 scilicet
928 3921 950 3970 a
966 3897 1026 3970 die
1044 3897 1226 3969 dominica
1252 3899 1412 3990 proxima
1436 3911 1524 3972 ante
1542 3905 1773 3978 natiuitatenr

433 4014 576 4110 quando
601 4013 638 4084 ia
662 4007 810 4082 sabbato
837 4011 1002 4101 proximo
1020 4009 1239 4101 precedente
1263 4008 1388 4080 chorus
1413 4020 1566 4106 vterque
1592 4017 1778 4108 perficitur

432 4123 541 4220 usque
566 4123 612 4196 ad
638 4123 783 4193 οᾶιωαε
808 4118 1001 4212 epiphanie
1017 4115 1043 4190 li
1062 4121 1099 4190 in
1119 4121 1300 4192 dominica
1324 4124 1484 4193 erraaerit
1501 4161 1511 4180 ·
1528 4123 1568 4197 Si
1595 4139 1718 4200 autem
1738 4133 1774 4201 in

431 4237 551 4330 aliqua
567 4231 686 4304 media
697 4229 995 4324 seriaeontigerit
1008 4242 1098 4303 tunc
1115 4230 1161 4302 ad
1179 4230 1378 4324 proximam
1390 4232 1607 4308 dominicam
1626 4237 1777 4332 sequen·

432 4363 507 4422 tem
529 4333 850 4418 obseruabitur·sr
877 4341 975 4412 enirn
1003 4341 1038 4412 in
1066 4344 1229 4434 proximo
1256 4341 1413 4415 Sabboto
1428 4357 1516 4418 ante
1539 4350 1773 4424 natiuitatem

431 4481 503 4532 non
520 4456 630 4529 luerit
652 4447 855 4526 vicissitudo
881 4447 1062 4544 utriusque
1085 4452 1184 4524 ebori
1212 4454 1348 4546 paritm
1367 4456 1548 4551 completa
1571 4471 1660 4534 tuac
1677 4487 1699 4535 a
1716 4464 1775 4536 die

431 4567 633 4642 natiuitatis
658 4561 806 4636 Domini
836 4557 1005 4654 usquead
1024 4562 1224 4657 preditimn
1253 4567 1444 4640 tenninum
1472 4565 1622 4666 singadis
1646 4573 1775 4647 diebus
