4612 5964
493 757 596 853 xvc]
966 760 1374 837 aenenounusn.
1773 771 1842 837 105

490 956 745 1052 euangelicum
779 962 946 1035 omnibus
976 964 1173 1036 maioribus
1202 959 1303 1034 festis
1337 962 1421 1032 anni
1454 958 1607 1029 mundas
1640 957 1775 1030 nitidas
1801 973 1839 1033 et

490 1067 658 1142 honestas
671 1069 851 1148 seruabit·
867 1075 1082 1148 Prouidebit
1096 1078 1210 1148 etiarn
1226 1070 1291 1146 srbi
1305 1075 1350 1144 de
1364 1071 1457 1142 soliis
1474 1071 1641 1140 arborum
1655 1079 1695 1140 et
1708 1071 1838 1163 palmis

489 1183 525 1253 in
546 1183 735 1258 dominicis
761 1188 963 1281 palmarum
981 1198 1022 1259 vt
1038 1191 1150 1260 moris
1175 1183 1229 1260 est
1254 1187 1356 1258 etin
1382 1185 1440 1254 die
1460 1178 1710 1276 penthecostes
1741 1186 1836 1276 apud

488 1291 746 1386 procellionem
758 1337 767 1355 ·
778 1299 875 1372 Item
893 1301 1044 1372 induere
1063 1301 1174 1372 debet
1191 1296 1370 1370 summum
1387 1294 1501 1366 altare
1519 1294 1612 1365 bene
1630 1303 1668 1364 et
1686 1293 1837 1367 honeste

487 1404 786 1484 lintheaminibus
810 1409 969 1483 honestis
994 1413 1090 1484 bene
1114 1411 1261 1482 mundis
1279 1419 1318 1480 et
1334 1408 1602 1503 plicatIsmore
1627 1405 1835 1479 tabularum

486 1523 666 1616 regiarum
697 1521 829 1617 absque
859 1525 958 1618 rugis
984 1531 1024 1593 et
1049 1523 1238 1616 plicaturis
1267 1521 1327 1594 sed
1355 1518 1476 1591 stricte
1504 1530 1542 1589 et
1572 1518 1707 1611 plane·
1735 1518 1834 1591 Item

486 1631 608 1706 lauare
634 1636 742 1707 faciet
769 1633 833 1706 seu
858 1632 1006 1706 abluere
1035 1636 1159 1706 omnia
1183 1630 1398 1706 vestimenta
1422 1629 1551 1703 summi
1576 1630 1701 1702 altaris
1724 1631 1833 1704 beate

486 1743 607 1818 Marie
625 1747 773 1841 virgInis
790 1755 828 1817 et
845 1743 965 1815 sancte
982 1743 1110 1816 Crucis
1128 1756 1205 1818 tam
1222 1745 1460 1818 lintheamina
1476 1767 1582 1836 quam
1604 1743 1704 1815 albas
1721 1746 1833 1816 amic-

485 1866 542 1927 tos
559 1867 598 1928 et
616 1852 773 1951 singulos
784 1855 830 1927 ad
844 1857 963 1926 minus
977 1851 1094 1926 sexies
1112 1858 1150 1927 in
1168 1880 1263 1930 anno
1281 1867 1321 1929 et
1338 1857 1432 1928 vltra
1444 1856 1588 1949 quando
1604 1867 1643 1926 et
1660 1854 1721 1927 vbi
1740 1878 1832 1949 opus

482 1968 595 2039 fuerit
621 1977 660 2038 et
685 1968 753 2038 hoc
778 1989 843 2060 per
858 1962 1046 2037 honestam
1064 1977 1266 2040 matronam
1293 1979 1358 2040 aut
1385 1971 1559 2064 virginem
1585 2009 1594 2025 ·
1621 1969 1831 2063 Corporalia

483 2080 646 2149 omnium
677 2077 845 2149 altarium
871 2073 1021 2149 ecclesie
1048 2077 1289 2173 perseipsum
1315 2078 1562 2176 superpellicio
1588 2082 1758 2153 indutum
1783 2083 1829 2155 ad

483 2193 604 2260 minus
621 2191 676 2261 his
693 2191 730 2260 in
748 2212 844 2261 anno
856 2188 994 2260 lauabit
1012 2199 1052 2259 et
1068 2191 1262 2262 mundabit
1278 2232 1287 2248 ·
1306 2191 1509 2264 ablutiones
1526 2215 1609 2263 vero
1628 2194 1828 2266 eorundem

481 2313 545 2372 aut
563 2299 689 2372 saltem
707 2302 831 2395 preuie
857 2302 907 2372 in·
920 2298 1072 2371 sacrario
1093 2310 1315 2394 reponantur
1332 2345 1340 2359 ·
1359 2303 1454 2376 Item
1481 2306 1684 2398 preparabit
1710 2307 1829 2401 pulpi-

481 2423 561 2483 tum
580 2415 618 2483 in
636 2409 786 2485 ecclesia
802 2422 866 2484 aut
883 2411 991 2483 choro
1010 2434 1093 2482 cunr
1121 2415 1348 2506 predicantes
1370 2416 1539 2487 affuerint
1556 2417 1616 2488 sen
1634 2440 1718 2489 cum
1737 2442 1828 2512 opus

482 2526 592 2597 fuerit
608 2549 676 2596 nec
695 2548 766 2595 non
784 2525 965 2597 canonicis
982 2521 1155 2596 consueta
1171 2521 1297 2597 sedilia
1313 2523 1507 2621 asportabit
1520 2565 1528 2581 ·
1542 2525 1693 2621 Insuper
1709 2531 1827 2604 dietus

480 2633 624 2710 sacrista
641 2635 846 2709 obseruabit
873 2645 912 2708 et
938 2636 1048 2707 faciet
1074 2637 1197 2706 omnia
1221 2635 1292 2706 alia
1309 2659 1380 2728 que
1396 2639 1442 2708 ad
1463 2639 1642 2730 prefatum
1660 2637 1826 2730 spettent

480 2750 637 2822 officium
656 2751 693 2821 in
711 2744 862 2821 ecclelia
878 2741 1154 2820 Abberdonensr
1174 2769 1245 2838 quc
1268 2746 1314 2818 de
1340 2745 1598 2818 consuetudine
1615 2761 1679 2818 aut
1697 2750 1827 2824 sunda·

478 2865 579 2935 tione
596 2859 831 2934 dinoscuntur
841 2863 1041 2955 pertinere·
1055 2858 1154 2931 Item
1167 2857 1372 2931 obseruabit
1386 2883 1432 2931 ne
1450 2859 1579 2931 calices
1595 2859 1827 2954 asportantur

478 2983 583 3045 extra
604 2972 753 3044 chorum
779 2996 844 3066 per
867 2970 1044 3044 seculares
1070 2967 1132 3041 seu
1157 2965 1337 3066 garsiones
1364 2970 1471 3043 laicos
1488 2983 1552 3042 aut
1569 2971 1720 3044 scolares
1746 2979 1825 3068 qui-

476 3084 686 3177 buscunque
702 3084 926 3156 celebrandis
943 3085 980 3154 in
998 3079 1152 3156 ecclelia
1169 3121 1177 3140 ·
1196 3081 1292 3154 Item
1317 3085 1457 3155 notabit
1474 3085 1511 3155 in
1529 3083 1654 3156 tabula
1671 3086 1824 3162 vicarios

476 3198 576 3270 chori
593 3220 666 3268 non
684 3196 910 3269 celebrantes
926 3196 1086 3291 priuatas
1111 3189 1229 3266 missas
1252 3194 1414 3287 qualibet
1438 3192 1635 3290 septimana
1652 3199 1758 3271 iuxta
1783 3213 1823 3273 et

476 3306 674 3381 secundum
701 3321 863 3379 tenorem
889 3307 1113 3378 fundationis
1139 3307 1337 3379 eorundem
1356 3305 1479 3413 3Item
1505 3304 1709 3379 obseruablt
1732 3307 1823 3385 ostia

476 3423 630 3492 turrium
648 3418 926 3520 occidentalium
943 3418 989 3490 ab
1007 3412 1162 3512 ingressu
1188 3413 1390 3512 garsionum
1409 3419 1453 3491 ad
1473 3417 1652 3492 stillicidia
1668 3420 1820 3496 ecclesie

475 3557 522 3604 nc
547 3533 593 3604 ad
620 3529 876 3603 destruendum
903 3530 1093 3623 plumbum
1110 3530 1460 3626 propugnaculorum
1486 3529 1643 3602 eiusdem
1662 3535 1821 3628 ingredi·

474 3656 582 3718 antur
608 3683 616 3702 ·
644 3644 740 3716 Item
767 3642 931 3714 subiiciet
956 3639 992 3714 se
1019 3642 1203 3713 taxacioni
1229 3642 1435 3714 defectuum
1460 3643 1697 3714 richariorum
1717 3647 1818 3721 chori

474 3760 572 3829 omni
591 3758 649 3828 die
667 3753 804 3828 sabbati
818 3753 1123 3847 quemadmodum
1140 3754 1202 3847 alij
1216 3753 1338 3846 vicarij
1357 3748 1382 3825 sr
1399 3755 1436 3825 in
1451 3749 1623 3847 premissis
1635 3755 1818 3849 aliquibus

473 3872 648 3943 defecerit
674 3881 738 3941 aut
768 3869 991 3962 temporibus
1020 3867 1222 3960 prenotatis
1248 3863 1285 3938 se
1313 3863 1556 3937 absentauerit
1582 3865 1769 3960 presertim
1796 3899 1818 3946 a

473 3977 582 4054 missis
607 3983 796 4053 matutinis
823 3977 977 4074 vesperis
1002 3987 1067 4050 aut
1093 3999 1347 4072 campanarum
1368 3975 1568 4072 pulsatione
1592 3991 1631 4050 et
1657 3981 1725 4054 hoc
1753 4007 1819 4079 per

472 4093 750 4166 subtrabtlonem
776 4095 874 4164 omni
892 4102 1021 4187 quarta
1047 4100 1151 4184 parte
1176 4089 1263 4160 anni
1285 4086 1400 4182 salarij
1426 4087 1477 4160 sui
1503 4113 1568 4184 per
1587 4093 1817 4186 capitulum·

473 4206 544 4279 Pro
561 4206 692 4299 quibus
714 4206 881 4277 omnibus
906 4214 947 4278 et
972 4199 1121 4298 singulis
1146 4201 1357 4273 exercendis
1381 4203 1554 4296 percipiet
1578 4209 1769 4280 annuatim
1795 4236 1818 4284 a

471 4319 627 4391 dominis
643 4318 689 4388 de
707 4318 864 4412 capitulo
882 4313 1079 4389 secundum
1100 4310 1392 4386 distributionem
1410 4311 1584 4385 summam
1602 4316 1719 4388 decim
1749 4320 1817 4395 lib-

470 4452 614 4504 ramm·
633 4427 730 4500 Item
748 4451 811 4522 pro
829 4425 1029 4522 pulsatione
1046 4447 1302 4520 campanarum
1328 4421 1517 4497 cuiussibet
1540 4427 1720 4526 demortuj
1739 4434 1764 4526 ij
1783 4434 1814 4508 ll.

472 4541 568 4616 Item
585 4561 651 4636 pro
667 4538 868 4634 pulsatione
884 4561 1141 4635 campanarum
1167 4533 1487 4610 anniuersarionrm
1505 4538 1604 4612 chori
1627 4563 1648 4612 a
1672 4545 1816 4643 ricarijs

376 4660 379 4666 '
471 4653 630 4730 eiusdem
648 4652 683 4747 vj
700 4654 733 4726 ll.
752 4653 813 4748 viij
838 4649 874 4726 d.
901 4652 997 4725 Item
1023 4673 1089 4745 pro
1113 4649 1304 4723 ablueione
1321 4647 1616 4724 vestimentorum
1632 4665 1672 4726 et
1688 4679 1817 4754 corpo-

521 4787 606 4840 vot.
625 4785 667 4838 11.
1126 4783 1151 4835 o
