4526 5954
514 665 584 732 932
1031 645 1339 723 REGIS'I'RUM
1692 649 1843 745 [secum

511 857 672 950 partibus
688 859 735 930 ab
751 856 867 930 olterx
890 894 899 911 ·
920 849 969 922 Et
993 869 1058 941 pro
1076 867 1160 917 oreo
1177 840 1374 938 prescripto
1390 840 1441 914 est
1455 865 1525 914 vno
1542 845 1667 918 domur
1685 849 1730 918 de
1746 869 1842 918 nouo

511 968 679 1042 edificate
695 971 735 1041 in
751 968 879 1041 eodem
896 965 1059 1052 locoque
1077 958 1123 1030 de
1139 977 1236 1027 nouo
1254 949 1429 1026 oIIedetur
1440 953 1597 1026 Roberto
1611 955 1840 1052 Helybnrton

511 1103 576 1177 pro
593 1081 655 1175 xvj
672 1083 703 1155 ἔ.
721 1083 759 1153 iu
777 1100 896 1151 anno·

610 1191 714 1265 Noto
728 1189 824 1285 quod
842 1203 966 1256 omnes
991 1178 1180 1276 prescripti
1196 1180 1308 1253 annui
1325 1179 1482 1252 redditus
1505 1187 1679 1252 terrarum
1696 1177 1780 1253 sunt
1796 1181 1843 1254 de

611 1303 724 1374 fundo
758 1309 935 1370 terrarum
967 1287 1244 1386 prescriptorum
1278 1300 1386 1388 prout
1409 1289 1514 1363 letius
1543 1300 1644 1384 patet
1672 1293 1710 1363 iu
1735 1294 1842 1365 eertie

610 1411 762 1505 desuper
777 1404 950 1480 contenis
967 1441 976 1458 ·

598 1741 755 1816 Rentele
771 1741 894 1813 nitoris
911 1737 1020 1810 sanor
1038 1737 1199 1813 Dotheei
1217 1741 1255 1811 in
1272 1735 1420 1813 eoolefin
1433 1737 1642 1836 parrochiali
1659 1737 1756 1810 beuti

950 1848 1120 1922 Nieholoi
1138 1851 1184 1921 de
1200 1848 1413 1924 Abirdene·

563 1969 608 2040 ln
638 1967 763 2061 primis
789 1964 835 2035 de
861 1964 967 2035 terrIe
994 1961 1176 2054 quondum
1202 1959 1380 2034 Johnnnis
1405 1961 1612 2036 Torrelocht
1640 1963 1841 2035 inuentibus

511 2081 605 2154 infru
634 2079 770 2150 diuum
800 2075 954 2168 burgum
982 2072 1027 2143 de
1056 2069 1244 2145 Abirdene
1267 2073 1304 2143 in
1328 2075 1405 2146 vieo
1432 2071 1600 2168 superiori
1622 2069 1769 2147 eoolefie
1794 2096 1841 2147 ex

511 2189 657 2268 eustrnli
684 2199 788 2284 purte
820 2181 978 2258 eiusdem
1006 2185 1077 2255 vici
1112 2185 1209 2256 inter
1241 2191 1374 2255 terram
1406 2183 1561 2255 Donaldi
1594 2183 1761 2258 Struohin
1794 2210 1841 2259 ex

511 2307 652 2376 oriente
674 2310 714 2373 et
730 2306 928 2371 torrentem
954 2316 1001 2368 ex
1026 2294 1215 2368 occidente
1241 2317 1267 2366 x
1283 2295 1312 2366 ἓ.
1363 2293 1454 2368 Item
1472 2295 1517 2366 de
1542 2305 1637 2368 terra
1660 2299 1840 2390 quondum

510 2415 689 2491 Iohannir
704 2409 802 2486 'I'rull
815 2431 861 2482 ex
874 2403 1018 2481 errstruli
1031 2415 1135 2503 purte
1151 2405 1310 2479 eiusdem
1325 2408 1391 2479 vici
1409 2409 1502 2478 inter
1517 2417 1648 2479 terrem
1661 2409 1841 2500 quondum

511 2529 650 2601 'I'home
667 2523 756 2597 Prot
772 2521 976 2620 exoriente
1001 2529 1040 2592 et
1064 2539 1276 2591 communes
1296 2521 1372 2592 vies
1396 2520 1508 2614 regies
1532 2513 1651 2590 versus
1674 2519 1843 2592 oecidenr

511 2653 551 2714 et
579 2639 717 2713 borium
741 2645 779 2708 et
804 2643 937 2706 terrum
968 2631 1151 2724 quondum
1182 2629 1303 2704 Dauid
1319 2629 1413 2704 clun
1438 2626 1555 2701 versus
1580 2623 1736 2702 austrum
1762 2653 1786 2700 v
1810 2633 1840 2704 i.

511 2752 610 2825 Item
627 2749 673 2822 de
688 2758 787 2821 terro
801 2743 984 2840 quondum
999 2741 1179 2816 Johenuit
1204 2741 1349 2839 Sorogir
1373 2744 1510 2816 ieoente
1526 2765 1573 2814 ex
1590 2741 1715 2815 boriali
1738 2752 1841 2838 purte

511 2857 670 2934 eiusdem
687 2857 759 2929 vioi
775 2857 872 2927 inter
891 2864 1024 2925 terrem
1041 2854 1224 2949 quondum
1249 2853 1397 2926 Andree
1420 2853 1568 2948 Murruy
1584 2875 1632 2926 ex
1646 2856 1786 2927 oriente
1802 2864 1841 2928 et

511 2986 646 3046 terrem
662 2966 791 3040 Joeobi
805 2961 986 3038 Collisone
1002 2987 1049 3037 er
1066 2965 1256 3038 occidente
1272 2987 1296 3034 v
1312 2967 1342 3038 i.
1390 2963 1484 3037 Item
1501 2965 1546 3036 de
1562 2975 1657 3037 terra
1672 2967 1841 3040 interiore

510 3081 694 3180 quondum
711 3075 892 3149 willelmi
908 3072 1083 3169 Tulydeff
1093 3076 1131 3146 in
1148 3077 1229 3148 vieo
1254 3075 1430 3149 furentum
1447 3098 1493 3148 ex
1510 3076 1722 3149 occidentali
1738 3091 1841 3172 pene

511 3193 673 3270 eiusdem
690 3191 761 3262 rici
778 3191 875 3262 inter
899 3195 1032 3260 terrem
1058 3185 1238 3260 Johnnnio
1262 3183 1417 3258 Collison
1433 3209 1480 3259 ex
1496 3189 1635 3258 oriente
1659 3200 1698 3259 et
1722 3186 1839 3262 iteum

512 3330 559 3381 ex
575 3303 765 3379 occidente
788 3310 828 3373 et
853 3310 988 3372 terrum
1013 3299 1194 3393 quondum
1213 3295 1391 3371 Wilielmi
1414 3295 1596 3372 Abirdonr
1619 3295 1739 3372 versun
1763 3299 1841 3374 eus·

513 3431 612 3493 trum
629 3425 669 3490 et
685 3425 820 3487 terrem
842 3411 927 3484 diiii
951 3409 1130 3483 Johennis
1146 3407 1267 3484 versun
1293 3410 1425 3483 borinm
1441 3411 1475 3505 vj
1492 3413 1522 3484 ἔ.
1572 3409 1667 3484 Item
1684 3413 1729 3486 de
1746 3424 1841 3488 tenu

513 3535 656 3604 ieoente
671 3527 711 3598 in
727 3524 763 3598 le
778 3546 890 3620 grene
906 3523 1003 3596 iuter
1018 3533 1218 3596 torrentem
1235 3545 1282 3596 ex
1299 3524 1435 3596 oriente
1455 3531 1494 3594 et
1518 3533 1649 3597 terrum
1664 3523 1840 3600 iohannis

515 3637 652 3714 Litster
680 3661 728 3712 ex
756 3635 945 3710 occidente
972 3658 1023 3707 xx
1048 3631 1085 3708 d.
1136 3634 1235 3708 Item
1262 3657 1373 3707 vnum
1397 3643 1643 3708 tenementum
1671 3637 1840 3712 videlieet

514 3765 648 3828 terrem
673 3771 792 3822 meum
817 3749 889 3821 ium
914 3741 1050 3820 restem
1075 3749 1255 3821 iacentem
1272 3749 1311 3819 in
1327 3747 1404 3820 vieo
1426 3747 1573 3820 nenium
1597 3749 1693 3821 inter
1708 3760 1839 3826 terrem

514 3860 696 3936 Willelmi
714 3858 801 3933 Mor
815 3881 862 3932 ex
887 3869 990 3956 porte
1014 3859 1231 3934 occidentali
1247 3867 1287 3933 et
1303 3869 1431 3933 terrem
1451 3857 1627 3934 Iohannis
1654 3861 1768 3936 Gonir
1793 3887 1839 3938 ex

515 3977 656 4050 oriente
672 3979 712 4046 et
727 3979 860 4044 terrem
876 3992 994 4044 meum
1011 3972 1084 4044 inm
1101 3967 1237 4046 mitum
1262 3972 1436 4045 ieoeutom
1452 3972 1490 4042 iu
1506 3971 1633 4045 eodem
1650 3975 1729 4046 vieo
1745 3975 1841 4050 inter

514 4101 649 4162 terrum
675 4081 853 4157 Johennir
877 4081 992 4156 Gouir
1016 4105 1063 4156 ex
1088 4081 1306 4158 ooeidentnli
1330 4093 1369 4156 et
1392 4085 1484 4156 vim
1509 4085 1643 4180 regium
1671 4110 1718 4160 ex
1737 4098 1840 4184 purte

514 4195 682 4275 orientali
698 4236 708 4255 ·
725 4193 823 4268 Item
847 4194 898 4290 iiij
914 4195 945 4268 i.
963 4201 1002 4268 ot
1017 4193 1303 4292 injectorem
1318 4191 1451 4267 Thone
1478 4192 1611 4270 Litster
1634 4197 1776 4273 ineente
1800 4203 1837 4274 in

514 4315 596 4388 vieo
612 4307 793 4406 superiore
809 4301 958 4382 eeclefie
983 4308 1081 4381 inter
1104 4319 1238 4382 terrum
1262 4306 1348 4380 Ado
1363 4301 1493 4379 Litster
1516 4331 1562 4382 ex
1587 4318 1690 4404 purte
1714 4309 1838 4385 boriali

514 4437 554 4500 et
569 4435 704 4498 terrum
719 4419 857 4496 'I'home
872 4417 985 4496 'Iruill
1008 4444 1055 4495 ex
1081 4432 1184 4519 porte
1200 4413 1345 4495 nustreii
1361 4459 1369 4478 ·
1387 4417 1435 4492 Et
1456 4419 1565 4493 ulium
1583 4443 1743 4495 aunuum
1759 4423 1839 4496 red·

513 4539 632 4612 ditum
661 4536 697 4632 vj
725 4533 756 4608 ἰ
785 4541 825 4607 ot
850 4531 912 4628 viij
942 4529 979 4606 d.
1007 4533 1053 4608 de
1084 4544 1182 4608 terro
1209 4531 1294 4606 disti
1323 4529 1457 4606 'I'nome
1483 4530 1591 4626 'liuill
1629 4533 1771 4608 incente
1799 4535 1837 4608 in
