4612 5964
494 706 594 801 xvi]
956 697 1360 776 nnnnoonnnsn.
1762 717 1831 780 113

494 1010 712 1125 Sequuntur
743 1025 1019 1102 constitutiones
1060 1025 1305 1098 ordinationes
1339 1023 1476 1101 statuta
1509 1043 1548 1102 et
1581 1031 1829 1108 conclusiones

492 1147 589 1218 edite
614 1169 677 1240 per
701 1141 940 1216 reuerendum
966 1139 1004 1207 in
1030 1133 1172 1207 Christo
1196 1147 1337 1231 patrem
1365 1139 1594 1214 Willelmum
1621 1143 1828 1241 episcopum

491 1255 773 1332 Abirdonensem
799 1254 845 1324 do
870 1248 1055 1322 communi
1081 1245 1252 1321 consensu
1276 1251 1406 1324 'decani
1434 1263 1473 1326 ct
1498 1257 1752 1330 canonicorum
1775 1258 1827 1330 sui

490 1372 638 1467 capituli
652 1371 696 1443 ad
713 1369 780 1439 boc
797 1361 1045 1456 capitulariter
1056 1372 1354 1457 congregatorum
1372 1375 1411 1436 et
1428 1368 1628 1461 capitulum
1645 1368 1829 1464 represen-

490 1485 643 1556 tantiuni
663 1492 700 1553 et
718 1477 928 1550 facientium
953 1473 1078 1566 preuio
1096 1473 1214 1544 editio
1237 1476 1381 1568 publico
1398 1479 1436 1548 in
1454 1479 1569 1551 ualuis
1586 1482 1715 1555 domus
1732 1487 1828 1578 capi·

490 1596 615 1668 tularis
633 1591 744 1687 spatio
761 1586 999 1682 quadraginta
1011 1584 1152 1656 dierum
1166 1596 1206 1657 vt
1219 1587 1256 1658 in
1270 1585 1514 1663 consimilibus
1526 1595 1635 1666 moris
1652 1591 1706 1666 est
1717 1597 1826 1668 affixo

489 1707 728 1779 determinato
746 1711 784 1773 et
800 1694 967 1773 concluso
985 1697 1044 1768 die
1061 1696 1202 1768 decimo
1220 1701 1347 1790 quinto
1373 1699 1504 1775 mensis
1532 1702 1624 1778 Maii
1645 1709 1683 1778 in
1702 1709 1825 1804 vigilia
1906 1737 1912 1752 ¹

488 1813 736 1913 penthecostes
753 1835 848 1887 anno
863 1809 1011 1881 Domini
1029 1806 1218 1881 millesimo
1232 1811 1518 1908 quingentesimo
1531 1819 1823 1915 quadragesimo·

561 2028 711 2102 Summa
727 2024 909 2098 facultatis
926 2016 1084 2202 ecclesies
1092 2022 1307 2096 cathedralis
1325 2022 1582 2100 Abirdonensrs
1599 2031 1748 2106 inferius

487 2255 531 2326 In
549 2255 670 2349 primis
687 2274 733 2323 cx
750 2245 1003 2320 distributione
1019 2144 1273 2318 caneoirlilctdlrirm
1345 2303 1355 2320 .
1430 2252 1506 2345 ij‘ix
1525 2253 1586 2325 lib.
1604 2257 1638 2348 vj
1657 2259 1687 2331 ἔ.
1707 2261 1766 2352 viij
1786 2259 1821 2332 d.

488 2367 582 2440 ltem
599 2391 646 2439 ex
663 2362 856 2457 capellanis
874 2357 1034 2429 fundatis
1050 2358 1088 2427 in
1106 2355 1257 2432 ccclesia
1347 2362 1506 2458 j‘lxxviij
1524 2364 1586 2437 lib.
1605 2369 1638 2460 vj
1657 2371 1686 2442 ἓ.
1706 2372 1767 2465 viij
1786 2370 1821 2443 d.

730 2473 881 2547 Summa
891 2471 1004 2541 totius
1018 2468 1202 2543 facultatis
1214 2469 1362 2545 ecclesie
1375 2477 1556 2548 anteditte

1324 2585 1503 2680 iij‘lxxxsj
1519 2587 1582 2660 lib.
1596 2591 1660 2685 xiij
1675 2595 1704 2664 ἔ.
1719 2595 1769 2688 iiij
1783 2593 1820 2666 d.

779 2795 952 2890 Sequitur
967 2789 1172 2864 distributio
1190 2793 1287 2867 diste
1311 2797 1521 2871 facultatis·

486 2916 528 2989 In
555 2916 677 3010 primis
701 2912 815 2984 tribus
835 2904 1029 3001 capellanis
1047 2907 1113 2976 viz.
1132 2904 1286 3001 episcopi
1305 2908 1438 2983 Gauini
1467 2911 1604 2985 Decani
1631 2927 1670 2986 et

533 3025 693 3124 Kpnkcll
1381 3023 1482 3118 xlviij
1502 3024 1563 3096 lib.
1582 3029 1645 3120 xiij
1665 3031 1694 3100 ἓ.
1714 3031 1764 3124 iiij
1783 3031 1818 3102 d.

484 3139 579 3215 Item
598 3141 659 3212 xxi
676 3133 871 3229 capellanis
888 3129 1039 3203 cuilibet
1056 3131 1106 3223 xij
1126 3130 1187 3202 lib.
1206 3131 1345 3205 summa
1513 3191 1521 3208 .
1658 3141 1735 3235 ij‘lij
1756 3143 1816 3214 litt.

877 3243 1030 3316 Summa
1046 3245 1098 3337 iije
1111 3243 1172 3315 lib.
1191 3245 1254 3338 xiij
1273 3250 1302 3321 ἓ.
1321 3249 1372 3344 iiij
1390 3247 1425 3321 d.

895 3419 945 3490 Et
963 3415 1010 3491 sic
1028 3414 1164 3490 restant
1181 3418 1320 3515 lxxxvij
1343 3422 1404 3496 lib.

482 3542 540 3615 Dc
556 3565 626 3637 qua
642 3539 779 3612 summa
796 3537 832 3606 in
851 3531 1015 3604 manibus
1033 3531 1167 3601 domiui
1184 3529 1375 3607 Wilbelmi
1393 3536 1522 3610 Silwcr
1598 3595 1605 3610 .
1684 3545 1734 3636 xij
1754 3543 1815 3614 lib.

483 3654 577 3728 Item
596 3658 631 3727 in
649 3651 812 3723 manibus
830 3639 987 3739 magistri
1005 3642 1208 3715 Alexandri
1226 3643 1494 3722 Steninsone.
1599 3707 1606 3724 .
1694 3656 1732 3726 ix
1753 3657 1814 3728 lib.

483 3767 578 3842 Item
595 3769 640 3840 de
653 3760 869 3834 Weitseban·
883 3759 919 3828 in
932 3755 1097 3828 manibus
1114 3755 1250 3827 domini
1268 3756 1292 3828 J
1295 3759 1445 3834 ohannis
1458 3762 1582 3836 Gwrlu
1607 3766 1640 3859 vj
1660 3793 1687 3837 s.
1703 3769 1764 3861 viij
1779 3767 1814 3839 ci.

877 3868 1028 3942 Summa
1045 3868 1108 3961 xxj
1126 3867 1189 3940 lib.
1209 3869 1242 3961 vj
1261 3873 1290 3942 s.
1309 3875 1370 3968 viij
1387 3872 1424 3945 d.

811 4045 860 4118 Et
879 4041 925 4116 sic
942 4042 1078 4116 restant
1095 4043 1158 4114 lxv
1176 4041 1238 4114 lib.
1256 4045 1319 4138 xiij
1337 4050 1366 4119 ἔ.
1384 4049 1435 4143 iiij
1453 4047 1489 4120 d.

482 4168 635 4261 Deoua
661 4164 798 4236 summa
824 4155 1035 4230 soluendum
1055 4154 1250 4249 capellanis
1277 4157 1511 4255 infrascriptis
1539 4165 1643 4236 iuxta
1671 4165 1813 4238 luorum

481 4290 826 4486 Iussiffiss'nomino
845 4380 978 4453 Dauidi
995 4379 1198 4454 Thomsone
1298 4433 1307 4451 .
1408 4439 1417 4456 .
1517 4441 1527 4458 ,

482 4503 577 4578 Item
601 4498 785 4595 capellano
811 4488 1007 4566 successuro
1034 4494 1072 4564 in
1099 4492 1220 4567 locum
1245 4496 1426 4588 quondam
1454 4499 1588 4574 domiui

529 4612 704 4688 lobannis
720 4609 882 4684 Gonane
900 4599 927 4676 sr
944 4603 1054 4678 suerit
1070 4605 1115 4678 ad
1134 4608 1202 4680 hoo
1219 4607 1446 4701 qualificatus
1518 4668 1527 4685 .

530 4748 612 4802 vol..
631 4746 671 4797 11.
1133 4738 1154 4789 1³
