4564 5968
471 676 538 742 140
991 666 1296 742 REGISTRUM
1650 670 1801 767 [arcum

518 879 557 942 et
574 871 705 944 ceteris
722 893 787 964 per
813 869 1045 942 donationem
1063 865 1250 937 reuerendi
1269 867 1305 937 in
1320 865 1458 938 Christo
1474 871 1584 962 patris
1600 894 1642 943 ac
1666 873 1799 945 domini

518 983 655 1055 domini
683 981 834 1055 Henrici
865 980 936 1054 Dei
970 979 1087 1074 gratia
1120 973 1273 1070 episcopi
1303 976 1408 1048 huius
1434 977 1580 1052 ecclesie
1609 983 1653 1053 ad
1687 983 1801 1057 altare

515 1092 637 1168 sance
655 1093 836 1169 Katerine
854 1094 1027 1189 virginis·

467 1201 565 1279 ltem
583 1208 655 1280 duo
672 1207 902 1280 linthiamina
919 1229 983 1300 pro
1001 1204 1128 1276 eodem
1145 1201 1248 1274 altari
1268 1200 1313 1272 de
1331 1201 1518 1276 donatione
1535 1205 1692 1278 eiusdem
1711 1249 1719 1264 ·

469 1312 565 1390 Item
595 1316 678 1391 sunt
703 1321 784 1392 odo
810 1321 909 1413 petio
932 1318 978 1388 de
995 1317 1132 1410 paruris
1150 1310 1223 1385 fine
1248 1311 1339 1384 albis
1356 1352 1364 1368 ·
1384 1310 1476 1384 Item
1493 1315 1572 1386 odo
1595 1317 1742 1390 fanones
1761 1332 1798 1392 ct

516 1431 597 1502 otto
613 1425 738 1501 stolia·

467 1539 563 1613 Item
582 1563 715 1612 nouem
732 1541 842 1613 beltis
860 1579 868 1596 ·
887 1538 984 1610 Item
1002 1535 1085 1610 sunt
1101 1535 1163 1609 sex
1180 1538 1262 1611 albe
1279 1539 1325 1610 de
1342 1539 1542 1611 melioribus
1558 1580 1566 1596 ·

469 1649 565 1724 Item
596 1652 764 1722 undecim
789 1653 836 1722 de
861 1649 940 1740 alijs
965 1649 1057 1720 albis
1073 1652 1235 1744 exceptis
1251 1650 1343 1725 albis
1359 1649 1589 1724 existentibus
1606 1656 1651 1726 ad
1669 1657 1797 1731 altaria

517 1760 629 1834 sandi
657 1759 852 1832 Michaelis
873 1798 881 1815 ·
904 1759 1012 1832 sancti
1038 1759 1215 1832 Johannia
1240 1761 1479 1859 euuangeliste
1505 1807 1512 1822 ·
1540 1765 1658 1839 lindie
1684 1768 1798 1844 Kate-

517 1874 594 1944 rine
612 1913 620 1930 ·
639 1870 749 1943 sancti
767 1871 946 1943 Columbo
962 1870 1103 1942 abbatia
1120 1881 1160 1943 et
1176 1874 1315 1966 capelle
1332 1877 1462 1948 domini
1488 1875 1597 1950 nostri
1615 1881 1767 1978 episcopi
1787 1923 1795 1941 ·

516 1994 555 2054 et
577 1983 659 2054 alba
675 1983 800 2055 altaris
821 1979 939 2052 nostre
965 1981 1111 2054 domine
1136 1994 1304 2058 mutuata
1328 1989 1469 2060 domino
1486 1989 1674 2064 Willelmo
1694 1993 1797 2090 Lelly

517 2094 624 2166 militi
652 2118 717 2188 per
750 2095 935 2165 dominum
967 2093 1171 2188 episcopum
1199 2119 1281 2166 cum
1309 2096 1423 2171 casula
1454 2113 1491 2172 et
1524 2107 1653 2178 ceteris
1678 2108 1797 2180 neces-

516 2229 626 2300 aan·

1061 2543 1188 2616 citra
1205 2583 1214 2601 ·

467 2767 508 2840 In
528 2769 652 2862 primia
670 2790 741 2840 vna
757 2791 871 2862 cappa
888 2769 1059 2840 deaurata
1075 2791 1158 2840 cum
1177 2791 1247 2841 vno
1265 2770 1367 2842 bukil
1393 2774 1434 2846 de
1457 2787 1605 2870 argento
1622 2780 1793 2855 deaurato

514 2903 577 2973 pro
594 2881 741 2951 domino
759 2875 879 2952 nostro
896 2876 1061 2974 episcopo
1078 2921 1086 2936 ·

465 2989 560 3062 ltcm
586 3013 656 3062 vna
681 3014 794 3085 cappa
812 2993 923 3063 rubca
946 2991 1117 3062 deaurata
1133 3015 1216 3063 cum
1241 2997 1462 3088 ymaginibus
1490 3023 1570 3072 cum
1603 3025 1672 3074 vno
1690 3004 1790 3078 bukil

514 3102 560 3174 de
576 3102 756 3174 auricalco
774 3102 946 3174 deaurato
964 3140 972 3157 ·

465 3214 558 3287 ltem
579 3238 648 3288 vna
665 3237 780 3309 cappa
797 3216 928 3286 rcrirlis
946 3237 1027 3286 cum
1047 3217 1136 3285 rotis
1153 3215 1325 3289 deaurata
1343 3258 1351 3274 ·

464 3325 557 3398 ltem
585 3350 656 3398 vna
680 3350 794 3420 cappa
820 3326 903 3398 olba
927 3327 972 3398 ‹lc
997 3324 1106 3397 scrico
1132 3327 1303 3400 ‹lcaurata
1328 3331 1411 3402 data
1426 3356 1487 3426 pcr
1511 3337 1694 3410 dominum
1714 3343 1792 3414 Gil-

512 3439 656 3512 bertum
680 3437 885 3534 episcopum
904 3478 913 3493 ·

464 3549 557 3622 ltcm
585 3573 655 3623 vna
679 3573 794 3645 cappa
819 3552 929 3622 rubea
955 3549 1127 3621 deaurata
1152 3550 1198 3620 dc
1226 3551 1348 3624 veluct
1381 3556 1460 3628 data
1484 3581 1548 3652 per
1581 3563 1785 3657 magistrum

509 3660 688 3735 Jacobum
709 3662 839 3758 Lyon·

462 3773 557 3846 Item
584 3774 656 3846 duc
682 3797 796 3870 cappo
820 3776 902 3848 albo
927 3777 973 3846 dc
999 3772 1111 3848 scrico
1139 3776 1310 3848 dcuurute
1335 3778 1416 3852 date
1447 3804 1510 3876 per
1539 3785 1785 3862 Alexandrum

507 3883 738 3980 episcopum·

461 3998 555 4070 ltem
592 4021 661 4070 rua
695 4021 810 4092 cappa
845 3999 975 4070 ueridis
1001 3999 1173 4072 deaurata
1198 4001 1283 4074 data
1308 4023 1372 4096 per
1400 4005 1598 4102 magistrum
1628 4011 1788 4086 Alexan·

506 4111 611 4182 ‹lrum
627 4108 758 4204 Trayle
774 4149 784 4166 ·

458 4223 553 4295 ltem
572 4244 643 4294 rna
666 4244 781 4316 cappo
806 4221 917 4294 rubea
941 4223 1112 4294 deaurata
1138 4223 1223 4298 data
1246 4247 1310 4318 ρει·
1331 4227 1508 4303 dominnm
1537 4234 1783 4311 Alexandrum

506 4332 738 4429 episcopum·

458 4447 552 4520 ltem
589 4469 660 4518 vna
684 4468 800 4541 cappa
828 4445 939 4518 rubea
965 4445 1137 4520 deaurata
1170 4449 1255 4522 data
1282 4473 1345 4544 per
1377 4453 1555 4530 dominum
1584 4457 1782 4536 Robertum

507 4553 649 4632 Will'c·
