4564 5968
717 2227 999 2312 {amoenum
1022 2225 1207 2328 jatalium
1231 2229 1338 2320 Μ.
1366 2223 1574 2336 muniit.

801 2741 954 2814 lacum
973 2761 1248 2813 tavanaaawu
1266 2765 1482 2817 sociamu-

483 2959 743 3055 lnu'entarium
761 2981 929 3054 ioealium
948 2979 1026 3051 auri
1043 2989 1082 3050 et
1100 2984 1238 3074 argenti
1257 3006 1398 3055 necnon
1426 2981 1578 3053 aliorum
1595 2997 1823 3053 ornamento·

480 3119 560 3165 rum
577 3089 726 3166 eoeleste
742 3091 960 3166 cathedralia
977 3090 1246 3166 Aberdonenfls
1263 3119 1327 3189 pro
1345 3097 1469 3168 diuino
1487 3095 1602 3165 officio
1628 3095 1721 3165 infra
1740 3117 1824 3165 ean·

480 3209 562 3278 ‹lem
581 3207 837 3300 deputatorum
855 3216 894 3276 et
911 3206 1159 3276 ordinatorum
1177 3217 1251 3277 tam
1271 3209 1307 3278 in
1334 3208 1457 3300 cappis
1474 3203 1600 3278 casulis
1623 3207 1824 3278 dalmaticis

481 3343 526 3392 ex
554 3341 641 3391 auro
659 3318 781 3389 textili
806 3329 846 3388 et
870 3315 1073 3388 holooerico
1099 3339 1141 3388 ao
1172 3314 1265 3390 uasis
1290 3319 1408 3410 ennijs
1433 3319 1478 3390 ad
1509 3319 1635 3390 altaria
1665 3315 1822 3389 eiusdem

480 3433 524 3504 ad
543 3431 710 3501 decorem
728 3429 856 3500 domus
873 3429 932 3499 dei
950 3423 1204 3524 allignatorum
1223 3453 1287 3524 per
1304 3428 1545 3501 venerabilem
1565 3432 1680 3500 virum
1698 3429 1825 3522 magis·

483 3557 578 3616 trum
605 3541 858 3614 Alexandrum
885 3538 1066 3632 Gallouay
1091 3539 1249 3613 eiusdem
1276 3538 1424 3614 ecclesie
1450 3544 1663 3614 eanonicam
1684 3567 1725 3614 ac
1747 3565 1826 3636 pre-

483 3657 733 3728 bendariuma
755 3651 904 3746 Kynkel
922 3653 960 3722 in
987 3652 1113 3724 eadem
1133 3641 1302 3724 instantia
1328 3664 1367 3724 et
1392 3653 1650 3747 supplicatione
1676 3654 1824 3747 capituli

484 3769 577 3839 diue
594 3762 743 3838 ecclesie
757 3777 795 3838 et
813 3766 1067 3836 canonicorum
1081 3762 1238 3837 eiusdem
1252 3789 1316 3858 pro
1328 3779 1490 3858 tempore
1503 3764 1824 3859 representantium

483 3879 605 3954 atium
647 3879 743 3972 apud
773 3877 963 3950 canoniam
993 3875 1291 3949 Aberdononsem
1322 3877 1448 3949 Idibus
1476 3877 1638 3971 lanuarij
1668 3903 1762 3951 anno
1806 3905 1826 3950 a

484 3989 627 4064 Christo
637 4003 725 4062 nato
737 4011 833 4060 nono
843 4000 883 4061 et
896 3985 1166 4084 quadragesimo
1177 3987 1282 4084 supra
1294 3987 1522 4062 millesimum
1536 4004 1575 4063 et
1586 3988 1828 4086 quingentesi-

485 4125 586 4175 mum
609 4099 689 4196 post
705 4101 994 4195 redemptionem
1017 4103 1214 4174 eorundem
1240 4103 1471 4174 demonibus
1497 4104 1675 4195 quondam
1699 4104 1826 4176 Jacobi

488 4215 623 4288 Forboe
639 4236 661 4284 a
680 4209 844 4296 oorfinda
860 4210 1079 4306 suorumque
1096 4212 1294 4286 satellitum
1311 4228 1496 4309 raptorum
1514 4229 1552 4288 et
1578 4239 1641 4310 per
1663 4241 1830 4288 reueren-

487 4329 573 4401 dum
591 4328 629 4399 iu
647 4321 790 4397 Christo
807 4337 948 4420 patrem
967 4347 1010 4397 ae
1027 4325 1214 4398 dominum
1228 4328 1413 4399 dominum
1432 4326 1667 4400 Guilielmum
1681 4331 1829 4401 Stenart

488 4433 786 4513 aberdonensem
801 4433 1008 4531 episcopum
1027 4459 1143 4532 nuper
1158 4437 1370 4514 domnolum
1388 4461 1460 4510 nou
1471 4437 1602 4534 absque
1619 4441 1756 4536 ingenti
1770 4465 1832 4536 pe·

489 4550 595 4626 euuie
613 4546 753 4621 summa
778 4548 968 4643 redempta
984 4560 1071 4622 ante
1087 4575 1239 4644 quorum
1266 4551 1512 4625 reduitiouem
1537 4551 1653 4626 multa
1678 4564 1715 4624 et
1734 4557 1832 4647 varia
