4564 5968
480 701 551 770 194
1011 691 1320 797 REGISTRUM
1347 687 1357 710 ¹
1665 697 1818 793 [ancum

531 893 626 968 Item
641 918 752 968 vnum
767 907 933 992 tapetum
945 893 1081 967 cerulei
1100 892 1230 964 coloris
1240 891 1342 968 serici
1356 918 1402 968 ex
1412 893 1541 987 oppido
1554 892 1727 990 Brugensr
1739 910 1820 966 tex·

480 1020 558 1080 tum
580 1007 773 1082 locandum
793 1033 916 1083 coram
934 1001 1231 1102 magistrantibus
1250 1003 1376 1080 subtus
1393 1004 1646 1078 ceruicalibus·

528 1119 625 1194 Item
644 1145 715 1194 vna
739 1145 854 1216 eappa
880 1120 942 1192 scu
969 1117 1066 1214 palla
1092 1140 1138 1189 cx
1165 1140 1253 1189 auro
1272 1119 1393 1192 textili
1409 1139 1491 1190 cnm
1508 1115 1729 1190 limbralibna
1746 1120 1821 1190 anri

480 1229 731 1305 honestissimis
757 1235 852 1304 dono
879 1231 1064 1325 quondam
1089 1225 1232 1302 honesti
1251 1233 1318 1303 viri
1344 1230 1475 1302 domini
1494 1225 1629 1298 Tlrome
1646 1227 1820 1320 llprtoun

478 1346 720 1419 archidiaconi
738 1339 1033 1417 Aberdonensrs·

530 1455 625 1528 Item
644 1455 759 1528 altera
772 1479 887 1549 cappa
905 1477 951 1526 ex
969 1454 1109 1546 optimo
1125 1476 1214 1524 auro
1228 1475 1312 1525 cum
1326 1451 1473 1543 limbrijs
1487 1447 1706 1544 amplilsrmis
1727 1451 1822 1520 dono

478 1570 657 1662 quondam
694 1563 853 1660 magistri
886 1559 1054 1636 Gilberti'
1078 1563 1289 1657 Strequhyn
1325 1564 1467 1636 rectoria
1501 1587 1521 1634 a
1555 1562 1719 1654 Balrelay
1748 1562 1820 1633 albi

480 1680 608 1751 coloris
625 1689 666 1749 vt
685 1675 815 1770 supra·

531 1787 625 1859 Item
639 1811 709 1858 vna
719 1786 816 1880 palla
829 1785 890 1858 seu
903 1809 1016 1879 eappa
1034 1787 1136 1856 rubei
1149 1785 1279 1857 coloris
1297 1809 1342 1858 ex
1357 1811 1441 1858 auro
1451 1810 1531 1858 enm
1545 1787 1693 1879 fimbrijs
1706 1790 1822 1858 aureis

480 1897 637 1970 eiusdem
658 1885 754 1968 dono
772 1895 933 1992 magistri
947 1897 1150 1968 Alexandri
1163 1893 1331 1968 Simsoun
1349 1899 1491 1968 roderis
1508 1899 1552 1970 dc
1570 1895 1809 1990 Monymulk·

525 2009 621 2080 Item
656 2007 772 2080 altera
795 2011 908 2080 mbea
934 2032 1049 2102 cappa
1074 2031 1120 2079 ex
1155 2031 1243 2080 auro
1269 2003 1431 2081 srmillter
1463 2021 1565 2080 texto
1599 2033 1680 2082 enm
1715 2015 1822 2082 armis

482 2122 510 2192 F
512 2123 666 2192 lorentie
684 2121 780 2191 dono
798 2121 980 2213 quondam
1008 2119 1188 2190 Jolrannis
1208 2117 1423 2192 Friscobaldi
1441 2144 1521 2193 eum
1539 2118 1626 2194 esset
1644 2125 1760 2193 rector
1776 2125 1821 2193 dr·

482 2233 713 2304 Rothtvanc.

531 2342 625 2415 Item
640 2366 710 2416 vna
723 2368 835 2438 cappa
854 2367 900 2414 ex
921 2339 1007 2414 bisso
1021 2340 1144 2416 villosa
1158 2344 1260 2415 rubei
1279 2345 1407 2416 coloris
1423 2346 1515 2416 dono
1526 2343 1681 2441 magistri
1693 2345 1820 2418 Jacobi

484 2455 614 2528 Vauen
633 2459 779 2528 rectoris
796 2456 843 2528 ab
860 2455 990 2550 Oyno·

531 2567 625 2639 ltem
639 2568 806 2641 velamen
822 2565 1014 2639 honestum
1030 2569 1125 2662 quod
1138 2568 1310 2662 penditur
1323 2579 1408 2640 ante
1419 2567 1593 2639 linnnmm
1607 2567 1720 2638 altare
1731 2583 1823 2640 tem-

482 2703 567 2773 pore
584 2677 855 2776 quadragesrme
873 2705 919 2752 cx
939 2680 1014 2752 tela
1031 2681 1164 2776 gallica
1180 2703 1264 2751 cum
1283 2680 1446 2752 crucibus
1472 2681 1565 2750 dono
1582 2681 1666 2750 disti
1686 2680 1819 2751 dorrrini

484 2790 676 2862 Wilhelmi
695 2792 848 2864 Stenart
861 2789 1018 2885 episcopi
1037 2784 1329 2864 Aberdoncnsro·

531 2902 625 2973 Item
644 2903 807 2974 velamen
819 2901 949 2973 surnmi
962 2899 1537 2998 altaristemporequadmgesrme
1550 2927 1611 2996 per
1623 2905 1819 2996 capitulum

482 3013 744 3086 Aberdoncnse
759 3036 913 3085 anacam
935 3013 1116 3084 velamine
1134 3013 1296 3084 crucifixi
1315 3013 1391 3104 solij
1410 3013 1525 3086 limile
1543 3017 1679 3086 cmc-is·

532 3126 626 3196 ltem
639 3125 711 3195 duo
723 3128 949 3218 coopertoria
964 3124 1108 3196 scabelli
1124 3135 1347 3195 mortuorum
1364 3149 1468 3197 enum
1484 3149 1528 3196 ex
1542 3125 1651 3197 serico
1663 3127 1821 3219 palmato

481 3241 573 3332 nigri
583 3238 711 3308 coloris
723 3247 761 3309 ct
773 3237 928 3309 alterum
942 3261 989 3308 cx
1002 3234 1101 3307 ollad
1115 3234 1230 3333 [tole]
1243 3235 1429 3332 anglicane
1439 3238 1483 3308 ad
1495 3238 1822 3309 communemrtili·

483 3363 596 3420 tatem
615 3345 764 3421 ecclesie
782 3350 878 3420 dono
898 3351 981 3419 diiii
1001 3349 1190 3420 reuerendi
1210 3349 1323 3442 patris
1341 3349 1468 3422 Garini
1486 3349 1640 3420 eiusdem
1660 3351 1809 3423 eoloris·

533 3460 627 3532 Item
646 3483 757 3530 vnum
786 3460 834 3532 lie
862 3462 1036 3532 bamlmir
1053 3485 1116 3554 pm
1135 3457 1302 3531 scabellis
1328 3460 1497 3532 dictorum
1516 3485 1560 3532 ex
1580 3463 1681 3532 viridi
1710 3463 1821 3534 latim·

482 3575 577 3645 ‹lono
595 3569 761 3643 similiter
778 3573 908 3666 prelati
930 3573 1117 3644 reuerendi
1137 3574 1249 3666 patris
1267 3571 1399 3644 Gauini
1417 3615 1425 3630 ·

535 3683 629 3755 Item
650 3706 720 3754 vna
737 3684 876 3778 capella
896 3682 1046 3756 lrorresta
1063 3708 1109 3756 ex
1129 3683 1204 3756 tela
1220 3683 1409 3779 anglicana
1433 3686 1580 3779 sparlieis
1606 3685 1663 3757 seu
1692 3691 1820 3780 punice

483 3799 675 3870 continens
693 3793 849 3867 casulam
878 3799 1038 3868 trmieam
1060 3810 1096 3866 et
1116 3795 1348 3868 dalmaticam
1375 3819 1455 3870 cnm
1475 3799 1588 3869 tribus
1605 3799 1693 3870 albis
1711 3816 1746 3870 et
1768 3819 1821 3870 to-

482 3911 595 3981 tidem
610 3907 752 3980 amittis
764 3917 802 3978 et
819 3909 1028 3999 quindecim
1044 3909 1264 4001 paramentis
1278 3909 1449 4003 deputata
1466 3910 1508 3980 ad
1524 3909 1655 3982 millimr
1678 3935 1821 3984 reimm-

483 4021 565 4093 bilis
578 4017 791 4091 sacramenti
806 4018 902 4089 dono
914 4021 1102 4091 reuerendi
1123 4021 1236 4112 patris
1251 4017 1302 4088 W
1305 4020 1430 4092 illelmi
1441 4021 1634 4094 Gordoune
1652 4047 1714 4116 pra
1726 4047 1821 4096 nom

483 4125 753 4205 Aberdonensls
770 4128 925 4224 episcopi
945 4155 1028 4202 cum
1048 4132 1163 4202 tribua
1180 4133 1280 4204 zonis
1296 4131 1341 4203 ad
1360 4133 1524 4205 eandem·

535 4243 630 4316 ltem
646 4242 690 4314 ad
707 4239 888 4313 lirmmum
906 4241 1021 4314 altare
1034 4246 1195 4336 quinque
1207 4243 1442 4317 lintheamina
1453 4269 1533 4316 eom
1548 4265 1700 4339 quatuor
1711 4255 1822 4322 ranani-

485 4358 609 4452 tcrglis
627 4354 826 4449 pendentia
843 4363 930 4425 ante
945 4353 1082 4426 dicium
1101 4354 1237 4428 altaro·

537 4469 632 4540 ltem
644 4479 801 4560 quatuor
811 4467 1030 4562 manitergia
1043 4468 1240 4560 pendentia
1255 4469 1359 4541 iuxta
1371 4469 1541 4543 lbmmum
1554 4473 1666 4544 altare
1679 4498 1741 4568 pra
1753 4491 1823 4546 ter·

485 4582 612 4677 gandia
630 4579 798 4652 manibus
815 4577 1077 4650 celebrantium
1094 4620 1101 4636 ·
