4564 5968
914 717 1305 794 ABERDONENSE

872 1035 1078 1107 lucremur
1098 1053 1204 1103 oraru
1224 1050 1353 1102 rums·

446 1240 560 1332 Vnus
586 1259 676 1332 liber
700 1261 934 1334 decretalium
960 1257 1136 1348 iucipiens
1162 1257 1198 1324 in
1229 1252 1384 1323 secundo
1409 1253 1496 1325 folio
1522 1252 1744 1350 adsalutem
1774 1293 1782 1310 ·

444 1377 477 1446 ί
496 1374 604 1446 Alius
619 1373 712 1447 liber
727 1373 963 1447 decretalium
980 1371 1017 1439 in
1034 1364 1189 1436 secundo
1208 1363 1292 1435 lolio
1314 1361 1469 1437 Vidimus
1486 1408 1494 1424 ·
1513 1368 1547 1436 ί
1565 1368 1673 1438 Alius
1690 1367 1783 1439 liber

444 1485 680 1560 decretalium
696 1489 735 1557 in
752 1483 909 1558 secundo
933 1479 1019 1550 folio
1047 1475 1114 1548 Ec
1138 1473 1260 1547 diocto
1286 1476 1351 1544 ·l[
1377 1476 1589 1554 Decretales
1614 1503 1725 1573 parue
1743 1483 1779 1551 in

443 1596 612 1672 alleribus
634 1611 673 1670 et
695 1599 734 1669 in
758 1594 915 1668 secundo
938 1590 1023 1661 folio
1040 1592 1079 1660 iu
1107 1599 1213 1659 textu
1236 1591 1372 1660 auriam
1387 1591 1592 1689 ‹ffesatctur
1614 1633 1622 1650 ·
1648 1591 1698 1686 rij
1711 1591 1779 1664 R.

443 1712 477 1780 d
488 1711 596 1783 Alius
608 1710 700 1782 liber
711 1705 945 1780 decretalium
960 1703 998 1773 in
1015 1699 1171 1772 secundo
1184 1699 1270 1772 lolio
1286 1699 1483 1800 Episcopus
1492 1702 1627 1782 sandius
1637 1712 1781 1784 ablatus

443 1849 507 1918 per
517 1817 725 1918 magistrum
743 1817 945 1890 Robertum
959 1813 1117 1886 Stewart
1131 1814 1405 1906 prebendarium
1420 1817 1467 1889 de
1476 1818 1622 1894 Turrell'
1633 1865 1641 1882 ·
1660 1825 1694 1893 ί
1708 1824 1781 1896 De-

443 1949 584 2008 cretum
597 1933 772 2026 incipiens
785 1925 990 2000 insecundo
1007 1927 1093 1997 lolio
1105 1925 1206 2016 Quod
1214 1925 1260 2021 1st
1274 1927 1422 2026 cmodpot
1438 1969 1447 1986 ·
1464 1929 1498 2000 u
1511 1931 1709 2008 Decretum
1728 1941 1781 2010 in·

443 2051 580 2142 cipiens
597 2048 634 2117 in
652 2040 809 2114 secundo
822 2039 908 2111 lolio
922 2041 959 2110 in
974 2049 1078 2109 textu
1093 2037 1338 2110 Prouinciell’
1356 2041 1411 2110 u
1429 2040 1629 2119 Decretum
1648 2054 1778 2125 modici

444 2160 574 2231 valoris
586 2154 748 2227 ablatum
763 2173 827 2244 per
838 2145 1045 2245 magistrum
1058 2149 1083 2220 J
1085 2151 1264 2222 ohannem
1276 2150 1414 2224 Barber
1425 2167 1610 2230 cantorem
1623 2201 1631 2220 ·
1643 2163 1678 2231 ί
1690 2163 1782 2236 Sex·

444 2284 504 2342 tus
520 2263 689 2364 glcllatus
709 2287 774 2356 per
795 2263 1013 2335 cardinalem
1038 2265 1075 2333 in
1093 2258 1249 2334 secundo
1268 2263 1353 2336 lolio
1371 2267 1407 2336 in
1429 2279 1536 2340 textu
1554 2269 1612 2342 dut·
1635 2298 1780 2371 cooper-

444 2395 503 2452 tus
519 2383 622 2474 nigro
639 2373 858 2447 usamma
869 2375 915 2446 de
926 2369 1063 2446 calibus
1076 2371 1237 2446 Ostenlis
1249 2377 1285 2446 in
1299 2373 1453 2450 secundo
1467 2381 1553 2451 folio
1565 2381 1756 2486 llouelepir
1774 2434 1782 2450 .

444 2493 478 2562 (l
496 2487 655 2564 Nouella
666 2486 844 2559 Johanuis
854 2486 1003 2558 Andree
1013 2485 1118 2578 super
1129 2486 1328 2559 decretales
1338 2491 1374 2558 in
1389 2488 1530 2564 duobus
1542 2495 1784 2572 voluminibus

443 2607 558 2698 prima
574 2621 654 2692 pars
672 2601 707 2669 in
726 2596 881 2670 secundo
899 2596 985 2668 folio
1012 2593 1117 2692 lsspee
1134 2605 1172 2666 ct
1190 2593 1343 2669 secunda
1360 2621 1442 2691 pars
1459 2603 1496 2672 in
1514 2601 1668 2678 secundo
1695 2612 1782 2683 folio

443 2712 679 2807 dleccplionoo
698 2750 706 2766 ·
725 2707 759 2780 d
778 2707 937 2780 Nouella
948 2708 970 2777 J
974 2707 1125 2778 ohannis
1139 2709 1288 2780 Andree
1299 2707 1404 2803 l'uper
1420 2712 1560 2785 l'cxturn
1575 2721 1612 2788 in
1628 2719 1783 2795 l'ecundo

443 2824 529 2895 lolio
549 2820 651 2897 Certa
668 2861 677 2878 ·
697 2819 746 2892 Et
760 2823 797 2892 in
808 2819 1080 2892 mercurialibus
1094 2820 1213 2891 inalic
1226 2820 1409 2894 uolumine
1420 2839 1610 2919 coopertus
1627 2833 1784 2924 pellibus

445 2936 615 3007 viridibus
626 2933 824 3006 inl'ecuudo
835 2932 950 3027 iolio[
1055 2929 1071 3024 ]
1085 2930 1138 3002 ὦ
1151 2931 1269 3004 Diuus
1280 2933 1326 3003 de
1336 2935 1469 3028 regulis
1482 2939 1567 3011 iuris
1578 2944 1613 3012 in
1627 2945 1783 3038 pellibus

444 3047 615 3120 viridibus
629 3049 663 3116 io
678 3045 833 3118 secundo
843 3044 930 3116 l'olio
940 3045 1007 3116 ciel
1020 3083 1028 3100 ·
1042 3041 1076 3114 d
1089 3043 1241 3115 Lectum
1252 3042 1358 3138 super
1368 3047 1567 3123 decretales
1578 3055 1614 3125 in
1627 3056 1783 3130 secundo

444 3161 529 3232 folio
542 3156 658 3234 Credi!
669 3157 830 3253 coelestem
844 3197 852 3214 ·
866 3155 1021 3228 laedium
1033 3155 1240 3249 innocencij
1253 3160 1289 3228 in
1300 3156 1470 3230 alteribus
1480 3164 1516 3232 io
1528 3162 1686 3240 secundo
1698 3173 1784 3243 folio

442 3273 561 3345 ,tedio
578 3270 611 3340 d
628 3269 825 3364 Speculum
839 3268 1006 3341 iudiciale
1018 3270 1054 3338 in
1068 3263 1223 3339 secundo
1236 3267 1489 3368 lolioSiuprdis·
1506 3313 1515 3330 ·
1534 3274 1692 3351 dnliud
1707 3283 1784 3376 l'pe·

442 3386 563 3456 culum
580 3381 746 3454 iudiciale
759 3385 796 3454 iu
813 3376 970 3452 secundo
987 3378 1073 3450 lolio
1090 3376 1230 3450 Mittere
1246 3379 1302 3450 οὔ
1317 3379 1508 3456 Roffrcdus
1524 3389 1570 3457 de.
1586 3393 1712 3463 ordine
1730 3397 1784 3466 iu-

443 3499 617 3568 diciorum
636 3497 672 3565 in
691 3492 845 3566 l'ecundo
863 3491 1038 3564 sollerius
1062 3529 1070 3547 ·
1098 3490 1389 3587 Extruuagantes
1403 3493 1582 3571 Johannis
1594 3526 1687 3598 pape
1705 3511 1782 3600 xxij

442 3606 630 3702 glollirtuur
642 3629 706 3699 per
716 3600 936 3680 Gellclinnrn
951 3625 1032 3675 curn
1045 3615 1217 3697 apparatu
1231 3601 1410 3677 Willelnri
1425 3607 1609 3685 demonic
1623 3615 1783 3690 lauduno

443 3719 548 3814 super
558 3720 795 3792 clementinus
805 3719 842 3788 in
854 3714 1009 3788 secundo
1021 3715 1107 3786 lolio
1116 3714 1209 3807 Acst
1219 3715 1780 3803 ·(lLedurall'illclu1ianleth

443 3831 548 3925 l'upcr
572 3829 713 3920 sextum
731 3832 769 3900 in
794 3831 919 3923 papiro
936 3829 971 3898 in
992 3825 1146 3898 l'ccundo
1163 3827 1249 3898 solio
1265 3825 1383 3901 Solum
1401 3827 1480 3902 deur
1504 3873 1512 3890 ·
1541 3833 1575 3905 Ε
1593 3836 1779 3913 Rosarium

443 3943 681 4014 archidiaconi
698 3939 803 4035 super
818 3943 1003 4013 decretum
1027 3941 1063 4010 in
1081 3938 1221 4010 duobus
1238 3939 1483 4014 voluminibus
1506 3950 1661 4039 primum
1682 3954 1783 4026 volu·

444 4079 526 4127 rnen
553 4056 590 4125 in
609 4053 764 4126 secundo
780 4053 867 4125 folio
881 4053 943 4147 jus
967 4049 1121 4124 reulurolc
1144 4049 1339 4123 secundum
1366 4054 1536 4129 volumen
1559 4061 1598 4132 in
1624 4061 1782 4137 secundo

444 4168 529 4240 l'olio
542 4163 678 4238 Maliaci
693 4163 1016 4260 ·llllc1›crtorium
1028 4159 1185 4258 magistri
1201 4161 1381 4236 Willelmi
1397 4166 1561 4242 Durandi
1575 4174 1611 4244 in
1624 4173 1781 4250 secundo

444 4275 623 4353 lolioNon
633 4277 709 4350 reni
717 4313 727 4333 ·
741 4275 936 4349 llSumma
946 4276 1102 4348 monaldi
1113 4273 1310 4348 insecundo
1321 4276 1498 4352 lolicllcm
1509 4279 1605 4356 oldas
1615 4323 1624 4340 ·
1635 4285 1669 4356 d
1681 4287 1783 4360 Mar·

444 4395 582 4464 tiniana
598 4390 824 4462 decretorum
851 4401 890 4460 et
916 4388 1149 4460 decretalium
1168 4411 1250 4460 cnm
1268 4387 1516 4466 lircramentali
1539 4394 1715 4470 Willelmi
1735 4401 1780 4474 de

446 4505 578 4578 Monte
588 4502 745 4576 heudino
758 4502 794 4572 in
809 4521 880 4571 ino
893 4500 1086 4572 uolumine
1099 4503 1136 4573 in
1153 4498 1308 4573 secundo
1319 4501 1406 4575 lolio
1418 4501 1554 4578 Prcloli
1569 4547 1579 4565 ·
1597 4507 1780 4586 dSexrus

445 4633 481 4690 et
499 4615 728 4689 Clementiae
744 4635 827 4686 cum
846 4611 981 4684 lettera
993 4611 1170 4686 iohannis
1186 4611 1335 4686 Andree
1346 4615 1384 4686 in
1402 4613 1654 4693 liecuudeiolio
1671 4619 1782 4699 Lado-
