4526 5954
489 673 561 738 240
1008 665 1315 740 REGISTRUM
1460 607 1465 616 Ι
1671 673 1823 769 [sucum
1928 675 1932 686 '

490 866 626 938 iudicer
649 877 713 938 aut
730 867 777 939 ab
793 867 950 939 humano
968 865 1027 938 die
1046 861 1219 960 [judicio]
1246 863 1305 938 sed
1328 889 1445 958 neque
1463 889 1522 938 me
1539 865 1655 961 ipsum
1676 873 1794 944 iudico
1815 913 1824 930 ·

492 977 617 1050 Niohil
643 981 753 1051 miohi
780 976 940 1051 conscius
964 977 1042 1048 sum
1059 975 1120 1051 sed
1145 1000 1218 1049 non
1244 979 1281 1047 iu
1307 976 1376 1048 hoo
1392 973 1605 1050 iustificatos
1629 977 1705 1052 sum
1724 1023 1734 1040 ·
1752 982 1826 1068 Qui

489 1102 612 1163 autom
631 1092 766 1163 iudicat
783 1114 842 1164 me
854 1090 1034 1163 Dominus
1045 1086 1098 1162 est
1111 1131 1121 1148 ·
1136 1089 1264 1181 Itaque
1281 1087 1395 1158 nolite
1406 1099 1493 1160 ante
1510 1097 1655 1182 tempus
1668 1093 1826 1165 iudicare

487 1225 559 1295 quo
576 1204 620 1275 ad
643 1200 752 1296 usqne
769 1206 891 1276 veniat
904 1200 1083 1274 Dominus
1109 1203 1171 1296 qui
1188 1209 1227 1272 et
1244 1198 1463 1272 illuminabit
1487 1196 1698 1275 abscondita
1723 1215 1825 1275 tene-

488 1315 632 1386 brarum
652 1327 690 1387 et
707 1311 952 1388 manifestabit
969 1311 1115 1388 consilia
1132 1313 1292 1387 cordium
1316 1350 1325 1368 ·
1352 1311 1402 1383 Et
1413 1323 1501 1383 tuuc
1514 1309 1593 1383 laus
1606 1315 1676 1386 erit
1689 1317 1825 1388 micui-

488 1449 559 1518 que
572 1451 594 1498 a
608 1425 688 1498 Deo
706 1467 714 1482 ·

487 1761 611 1836 Funis
629 1781 782 1840 ouaara
800 1759 991 1844 Quaruon
1010 1781 1225 1832 rnuronnu
1247 1800 1255 1817 ·
1274 1758 1422 1834 Lacrro
1440 1761 1546 1834 Isara
1566 1783 1771 1834 raornsra
1792 1804 1801 1822 ·

536 1983 580 2054 In
604 1983 731 2053 diebus
756 1979 828 2051 illis
852 1980 946 2050 dixit
970 1975 1080 2050 Isaiae
1104 1981 1278 2073 propbeta
1303 1981 1385 2054 Erit
1407 1985 1444 2054 in
1470 1981 1667 2059 nouiffimis
1693 1987 1819 2060 diebus

484 2106 695 2190 preparatus
712 2115 816 2164 mons
833 2090 961 2162 domus
984 2088 1134 2161 Domini
1150 2092 1187 2161 in
1207 2095 1342 2164 vertice
1362 2097 1541 2166 montium
1559 2107 1599 2168 et
1616 2097 1820 2170 eleuabitur

484 2206 590 2300 super
601 2204 712 2278 collos
729 2247 738 2265 ·
758 2203 807 2275 Et
824 2201 939 2274 fluent
956 2202 1001 2274 od
1019 2224 1101 2274 eum
1119 2223 1244 2274 omnes
1259 2213 1388 2298 gentes
1402 2217 1441 2276 et
1458 2206 1563 2278 ibunt
1574 2209 1697 2302 populi
1710 2209 1816 2281 multi

485 2328 522 2388 ot
541 2318 664 2389 dicent
683 2315 820 2387 Venite
845 2311 1077 2386 ascendamus
1100 2313 1145 2384 ad
1172 2327 1332 2388 montem
1350 2315 1525 2390 Domini·
1543 2331 1582 2392 et
1607 2321 1652 2392 ad
1670 2322 1817 2394 domum

483 2431 542 2502 dei
562 2429 671 2501 Iacob
688 2437 729 2502 et
744 2425 889 2524 docebit
906 2447 971 2497 nos
989 2426 1065 2496 vias
1080 2421 1161 2496 suas
1177 2439 1215 2496 et
1231 2428 1494 2502 ambulabimus
1508 2433 1545 2502 in
1563 2429 1699 2507 semitis
1715 2436 1815 2506 eius·

483 2541 580 2627 Quia
596 2543 642 2613 de
659 2539 758 2632 Syon
776 2537 892 2611 exibit
914 2536 975 2608 lex
993 2547 1033 2608 et
1049 2536 1199 2610 verbum
1216 2538 1353 2612 domini
1365 2540 1412 2614 de
1428 2539 1657 2617 Hierusalem
1674 2585 1683 2604 ·
1702 2544 1754 2618 Et
1763 2549 1818 2618 iu·

482 2654 617 2726 dicabit
632 2663 771 2748 gentes
796 2661 834 2721 et
859 2661 986 2744 arguet
1012 2648 1163 2742 populos
1187 2650 1321 2722 multos
1349 2691 1358 2708 ·
1382 2651 1432 2724 Et
1449 2653 1657 2727 conflabunt
1678 2655 1817 2752 gladios

480 2765 563 2838 suos
579 2767 617 2836 in
635 2785 799 2837 vomeres
815 2771 854 2834 ot
871 2761 1015 2834 lanceas
1031 2759 1111 2832 ibas
1127 2763 1166 2832 in
1182 2760 1313 2834 falces·
1331 2759 1420 2836 Non
1437 2763 1574 2837 leuabit
1584 2789 1675 2863 gens
1690 2779 1817 2842 eontra

480 2885 628 2972 gentem
646 2875 807 2970 gladium
825 2896 893 2945 neo
911 2872 1178 2944 exercebuntur
1187 2871 1280 2945 vltra
1296 2875 1341 2946 ad
1352 2873 1528 2975 prelium·
1548 2875 1689 2950 Domus
1706 2877 1816 2954 lacob

481 2991 604 3061 venite
621 2998 659 3059 et
676 2985 902 3058 ambulemus
919 2985 957 3055 in
975 2983 1112 3056 lumine
1130 2983 1276 3056 Domini
1295 2983 1365 3056 Dei
1383 2981 1490 3058 nostri
1508 3025 1517 3042 ·

892 3317 1038 3394 Laeuo
1051 3317 1153 3394 Isara
1172 3343 1376 3395 raoruara
1394 3363 1403 3380 ·

530 3549 573 3622 In
589 3551 717 3622 diebus
735 3547 808 3620 illis
825 3547 968 3620 locutus
981 3544 1034 3619 est
1045 3547 1211 3619 domiuus
1222 3547 1265 3618 ad
1277 3545 1400 3639 Acha3
1416 3547 1541 3620 dicens
1558 3548 1650 3623 Pete
1666 3553 1733 3624 tibi
1747 3548 1814 3648 sig-

480 3686 567 3736 num
585 3687 608 3736 u
624 3662 772 3734 domino
797 3660 865 3732 deo
890 3669 956 3730 tuo
982 3660 1017 3730 in
1038 3659 1254 3754 profundum
1273 3659 1401 3730 inlerni
1421 3653 1496 3732 line
1512 3661 1549 3732 in
1568 3661 1748 3736 excelsum
1758 3662 1814 3736 su·

481 3800 566 3870 pra·
589 3773 638 3845 Et
648 3772 743 3844 dixit
754 3771 876 3866 Achng
888 3769 973 3842 Non
987 3781 1110 3866 petam
1124 3782 1163 3844 et
1174 3793 1245 3842 non
1256 3769 1406 3842 tentabo
1417 3768 1617 3846 Dominum
1631 3814 1640 3832 ·
1657 3773 1707 3847 lit
1719 3777 1813 3849 dixit

479 3887 621 3960 Audite
638 3907 724 3979 ergo
741 3884 869 3955 domus
887 3881 1029 3954 Dauid·
1044 3881 1220 3977 Nunquid
1235 3905 1360 3977 parum
1374 3882 1475 3954 vobis
1487 3881 1541 3956 est
1558 3883 1726 3960 molestos
1742 3887 1813 3962 eil'e

480 3996 777 4088 liorninibusquia
785 3989 926 4066 molesti
939 3990 1024 4066 estis
1036 4007 1076 4066 et
1086 3995 1155 4068 deo
1166 4017 1246 4066 meo
1258 3993 1272 4066 3
1286 3993 1438 4088 Propter
1446 3993 1516 4068 boo
1528 3995 1629 4070 debit
1636 3995 1813 4073 Dominus

481 4108 555 4206 ipse
573 4109 674 4180 robis
685 4102 822 4202 signum
836 4145 845 4163 ·
859 4103 955 4177 Eooe
967 4107 1067 4200 virgo
1080 4107 1257 4201 concipiet
1270 4116 1308 4176 et
1319 4107 1434 4200 pariet
1447 4105 1561 4179 lilium
1574 4121 1614 4182 et
1627 4113 1814 4186 vocabitur

481 4245 614 4294 nomen
641 4221 719 4292 eius
743 4215 908 4290 emanuel
940 4255 949 4274 ·
974 4214 1156 4310 Butyrum
1172 4227 1210 4290 et
1235 4215 1308 4290 mel
1324 4216 1491 4292 oomodet
1516 4231 1557 4294 rt
1582 4221 1670 4296 sciat
1693 4247 1813 4320 repro·

481 4335 567 4408 bare
584 4333 719 4406 malurn
730 4341 770 4404 et
786 4327 919 4426 eligere
928 4327 1084 4400 bonum·
