<?xml version="1.0" encoding="UTF-8"?>
<!DOCTYPE html PUBLIC "-//W3C//DTD XHTML 1.0 Transitional//EN"
    "http://www.w3.org/TR/xhtml1/DTD/xhtml1-transitional.dtd">
<html xmlns="http://www.w3.org/1999/xhtml" xml:lang="en" lang="en">
 <head>
  <title>
</title>
<meta http-equiv="Content-Type" content="text/html;charset=utf-8" />
  <meta name='ocr-system' content='tesseract 3.04.00' />
  <meta name='ocr-capabilities' content='ocr_page ocr_carea ocr_par ocr_line ocrx_word'/>
</head>
<body>
  <div class='ocr_page' id='page_1' title='image "./registrumepisco00innegoog_0252.png"; bbox 0 0 4564 5968; ppageno 0'>
   <div class='ocr_carea' id='block_1_1' title="bbox 483 746 1837 843">
    <p class='ocr_par' dir='ltr' id='par_1_1' title="bbox 483 746 1837 843">
     <span class='ocr_line' id='line_1_1' title="bbox 483 746 1837 843; baseline 0.005 -23"><span class='ocrx_word' id='word_1_1' title='bbox 483 746 584 843; x_wconf 81' lang='lat' dir='ltr'>xva]</span> <span class='ocrx_word' id='word_1_2' title='bbox 955 747 1363 824; x_wconf 85' lang='lat' dir='ltr'><strong>ABERDONENSE.</strong></span> <span class='ocrx_word' id='word_1_3' title='bbox 1765 753 1837 827; x_wconf 82' lang='grc'>187</span> 
     </span>
    </p>
   </div>
   <div class='ocr_carea' id='block_1_2' title="bbox 438 940 1833 4736">
    <p class='ocr_par' dir='ltr' id='par_1_2' title="bbox 480 940 1833 1271">
     <span class='ocr_line' id='line_1_2' title="bbox 481 940 1833 1044; baseline -0.001 -27"><span class='ocrx_word' id='word_1_4' title='bbox 481 949 518 1017; x_wconf 93' lang='lat' dir='ltr'>in</span> <span class='ocrx_word' id='word_1_5' title='bbox 543 943 686 1018; x_wconf 77' lang='lat' dir='ltr'>Christo</span> <span class='ocrx_word' id='word_1_6' title='bbox 716 958 858 1044; x_wconf 89' lang='lat' dir='ltr'>patrem</span> <span class='ocrx_word' id='word_1_7' title='bbox 887 950 1074 1025; x_wconf 89' lang='lat' dir='ltr'>Gauinum</span> <span class='ocrx_word' id='word_1_8' title='bbox 1098 948 1280 1042; x_wconf 88' lang='lat' dir='ltr'>quondam</span> <span class='ocrx_word' id='word_1_9' title='bbox 1310 945 1416 1018; x_wconf 91' lang='lat' dir='ltr'>huius</span> <span class='ocrx_word' id='word_1_10' title='bbox 1445 940 1596 1016; x_wconf 70' lang='lat' dir='ltr'>ecclesie</span> <span class='ocrx_word' id='word_1_11' title='bbox 1625 943 1833 1038; x_wconf 86' lang='lat' dir='ltr'>episcopum</span> 
     </span>
     <span class='ocr_line' id='line_1_3' title="bbox 480 1055 1833 1158; baseline -0.002 -29"><span class='ocrx_word' id='word_1_12' title='bbox 480 1057 721 1152; x_wconf 76' lang='lat' dir='ltr'>supradidum</span> <span class='ocrx_word' id='word_1_13' title='bbox 748 1087 796 1136; x_wconf 86' lang='lat' dir='ltr'>ex</span> <span class='ocrx_word' id='word_1_14' title='bbox 826 1087 899 1158; x_wconf 88' lang='lat' dir='ltr'>qua</span> <span class='ocrx_word' id='word_1_15' title='bbox 920 1060 1053 1136; x_wconf 82' lang='lat' dir='ltr'><strong>desunt</strong></span> <span class='ocrx_word' id='word_1_16' title='bbox 1084 1055 1216 1133; x_wconf 81' lang='lat' dir='ltr'>diuersa</span> <span class='ocrx_word' id='word_1_17' title='bbox 1245 1057 1383 1152; x_wconf 88' lang='lat' dir='ltr'>lapides</span> <span class='ocrx_word' id='word_1_18' title='bbox 1413 1064 1577 1149; x_wconf 88' lang='lat' dir='ltr'>tempore</span> <span class='ocrx_word' id='word_1_19' title='bbox 1605 1055 1833 1127; x_wconf 69' lang='lat' dir='ltr'>abductionis</span> 
     </span>
     <span class='ocr_line' id='line_1_4' title="bbox 480 1169 1295 1271; baseline -0.001 -31"><span class='ocrx_word' id='word_1_20' title='bbox 480 1169 649 1243; x_wconf 89' lang='lat' dir='ltr'>iocalium</span> <span class='ocrx_word' id='word_1_21' title='bbox 667 1182 709 1245; x_wconf 83' lang='lat' dir='ltr'>vt</span> <span class='ocrx_word' id='word_1_22' title='bbox 727 1171 833 1271; x_wconf 87' lang='lat' dir='ltr'>supra</span> <span class='ocrx_word' id='word_1_23' title='bbox 844 1199 911 1271; x_wconf 92' lang='lat' dir='ltr'>pro</span> <span class='ocrx_word' id='word_1_24' title='bbox 929 1172 1030 1247; x_wconf 88' lang='lat' dir='ltr'>sestis</span> <span class='ocrx_word' id='word_1_25' title='bbox 1047 1170 1269 1244; x_wconf 84' lang='lat' dir='ltr'>solemnibus</span> <span class='ocrx_word' id='word_1_26' title='bbox 1287 1209 1295 1225; x_wconf 94' lang='lat'><strong>·</strong></span> 
     </span>
    </p>

    <p class='ocr_par' dir='ltr' id='par_1_3' title="bbox 478 1278 1833 2027">
     <span class='ocr_line' id='line_1_5' title="bbox 529 1278 1833 1374; baseline -0.005 -21"><span class='ocrx_word' id='word_1_27' title='bbox 529 1281 626 1356; x_wconf 89' lang='lat' dir='ltr'>Item</span> <span class='ocrx_word' id='word_1_28' title='bbox 641 1309 711 1360; x_wconf 87' lang='lat' dir='ltr'>vna</span> <span class='ocrx_word' id='word_1_29' title='bbox 727 1290 837 1360; x_wconf 90' lang='lat' dir='ltr'>mitra</span> <span class='ocrx_word' id='word_1_30' title='bbox 854 1311 901 1360; x_wconf 88' lang='lat' dir='ltr'>ex</span> <span class='ocrx_word' id='word_1_31' title='bbox 918 1309 1007 1359; x_wconf 90' lang='lat' dir='ltr'>auro</span> <span class='ocrx_word' id='word_1_32' title='bbox 1025 1282 1148 1356; x_wconf 80' lang='lat' dir='ltr'>textili</span> <span class='ocrx_word' id='word_1_33' title='bbox 1162 1282 1353 1353; x_wconf 87' lang='lat' dir='ltr'>continens</span> <span class='ocrx_word' id='word_1_34' title='bbox 1363 1279 1476 1373; x_wconf 87' lang='lat' dir='ltr'>xxxvj</span> <span class='ocrx_word' id='word_1_35' title='bbox 1492 1279 1630 1374; x_wconf 87' lang='lat' dir='ltr'>lapides</span> <span class='ocrx_word' id='word_1_36' title='bbox 1642 1287 1684 1350; x_wconf 85' lang='lat' dir='ltr'>vt</span> <span class='ocrx_word' id='word_1_37' title='bbox 1697 1278 1833 1350; x_wconf 87' lang='lat' dir='ltr'>dieitur</span> 
     </span>
     <span class='ocr_line' id='line_1_6' title="bbox 479 1388 1832 1487; baseline -0.004 -19"><span class='ocrx_word' id='word_1_38' title='bbox 479 1393 652 1485; x_wconf 88' lang='lat' dir='ltr'>preciosos</span> <span class='ocrx_word' id='word_1_39' title='bbox 687 1398 783 1471; x_wconf 88' lang='lat' dir='ltr'>dono</span> <span class='ocrx_word' id='word_1_40' title='bbox 812 1397 1006 1471; x_wconf 88' lang='lat' dir='ltr'>reuerendi</span> <span class='ocrx_word' id='word_1_41' title='bbox 1036 1393 1221 1487; x_wconf 91' lang='lat' dir='ltr'>quondam</span> <span class='ocrx_word' id='word_1_42' title='bbox 1238 1394 1361 1484; x_wconf 84' lang='lat' dir='ltr'>putris</span> <span class='ocrx_word' id='word_1_43' title='bbox 1393 1391 1561 1464; x_wconf 89' lang='lat' dir='ltr'>Villelmi</span> <span class='ocrx_word' id='word_1_44' title='bbox 1592 1388 1832 1486; x_wconf 85' lang='lat' dir='ltr'>Elphiustone</span> 
     </span>
     <span class='ocr_line' id='line_1_7' title="bbox 479 1500 1833 1603; baseline -0.003 -26"><span class='ocrx_word' id='word_1_45' title='bbox 479 1505 748 1583; x_wconf 79' lang='lat' dir='ltr'>Aberdonensrs</span> <span class='ocrx_word' id='word_1_46' title='bbox 776 1507 932 1603; x_wconf 84' lang='lat' dir='ltr'>episcopi</span> <span class='ocrx_word' id='word_1_47' title='bbox 955 1528 1039 1578; x_wconf 91' lang='lat' dir='ltr'>cum</span> <span class='ocrx_word' id='word_1_48' title='bbox 1063 1503 1284 1575; x_wconf 84' lang='lat' dir='ltr'>redimiculis</span> <span class='ocrx_word' id='word_1_49' title='bbox 1311 1500 1470 1576; x_wconf 92' lang='lat' dir='ltr'>eiusdem</span> <span class='ocrx_word' id='word_1_50' title='bbox 1500 1527 1566 1598; x_wconf 93' lang='lat' dir='ltr'>pro</span> <span class='ocrx_word' id='word_1_51' title='bbox 1593 1501 1693 1576; x_wconf 88' lang='lat' dir='ltr'>sestis</span> <span class='ocrx_word' id='word_1_52' title='bbox 1719 1505 1833 1575; x_wconf 85' lang='lat' dir='ltr'>maio·</span> 
     </span>
     <span class='ocr_line' id='line_1_8' title="bbox 478 1617 1180 1693; baseline 0.007 -5"><span class='ocrx_word' id='word_1_53' title='bbox 478 1617 601 1693; x_wconf 87' lang='lat' dir='ltr'>ribus·</span> <span class='ocrx_word' id='word_1_54' title='bbox 1176 1663 1180 1670; x_wconf 93' lang='lat'><strong>·</strong></span> 
     </span>
     <span class='ocr_line' id='line_1_9' title="bbox 526 1723 1830 1827; baseline -0.007 -22"><span class='ocrx_word' id='word_1_55' title='bbox 526 1732 638 1808; x_wconf 82' lang='lat' dir='ltr'>Altra</span> <span class='ocrx_word' id='word_1_56' title='bbox 661 1739 772 1807; x_wconf 86' lang='lat' dir='ltr'>mitre</span> <span class='ocrx_word' id='word_1_57' title='bbox 796 1755 861 1827; x_wconf 90' lang='lat' dir='ltr'>pro</span> <span class='ocrx_word' id='word_1_58' title='bbox 884 1729 1099 1824; x_wconf 91' lang='lat' dir='ltr'>quotidiano</span> <span class='ocrx_word' id='word_1_59' title='bbox 1125 1725 1189 1800; x_wconf 75' lang='lat' dir='ltr'>usu</span> <span class='ocrx_word' id='word_1_60' title='bbox 1214 1767 1223 1786; x_wconf 89' lang='lat'><strong>·</strong></span> <span class='ocrx_word' id='word_1_61' title='bbox 1248 1725 1299 1798; x_wconf 85' lang='lat' dir='ltr'>Et</span> <span class='ocrx_word' id='word_1_62' title='bbox 1324 1729 1435 1800; x_wconf 86' lang='lat' dir='ltr'>tertia</span> <span class='ocrx_word' id='word_1_63' title='bbox 1460 1751 1508 1799; x_wconf 86' lang='lat' dir='ltr'>cx</span> <span class='ocrx_word' id='word_1_64' title='bbox 1534 1727 1631 1800; x_wconf 81' lang='lat' dir='ltr'>lines</span> <span class='ocrx_word' id='word_1_65' title='bbox 1652 1723 1748 1799; x_wconf 87' lang='lat' dir='ltr'>reste</span> <span class='ocrx_word' id='word_1_66' title='bbox 1764 1748 1830 1819; x_wconf 90' lang='lat' dir='ltr'>pro</span> 
     </span>
     <span class='ocr_line' id='line_1_10' title="bbox 478 1838 1829 1940; baseline -0.003 -28"><span class='ocrx_word' id='word_1_67' title='bbox 478 1842 574 1937; x_wconf 87' lang='lat' dir='ltr'>ferijs</span> <span class='ocrx_word' id='word_1_68' title='bbox 598 1841 870 1940; x_wconf 76' lang='lat' dir='ltr'>quadragesime</span> <span class='ocrx_word' id='word_1_69' title='bbox 896 1842 992 1913; x_wconf 91' lang='lat' dir='ltr'>dono</span> <span class='ocrx_word' id='word_1_70' title='bbox 1018 1838 1179 1912; x_wconf 88' lang='lat' dir='ltr'>eiusdem</span> <span class='ocrx_word' id='word_1_71' title='bbox 1203 1841 1393 1912; x_wconf 90' lang='lat' dir='ltr'>reuerendi</span> <span class='ocrx_word' id='word_1_72' title='bbox 1412 1841 1525 1934; x_wconf 87' lang='lat' dir='ltr'>patris</span> <span class='ocrx_word' id='word_1_73' title='bbox 1551 1863 1634 1913; x_wconf 91' lang='lat' dir='ltr'>cum</span> <span class='ocrx_word' id='word_1_74' title='bbox 1660 1838 1829 1911; x_wconf 77' lang='lat' dir='ltr'>tridecim</span> 
     </span>
     <span class='ocr_line' id='line_1_11' title="bbox 478 1957 706 2027; baseline 0.013 -4"><span class='ocrx_word' id='word_1_75' title='bbox 478 1975 556 2026; x_wconf 84' lang='lat' dir='ltr'>mur</span> <span class='ocrx_word' id='word_1_76' title='bbox 620 1957 706 2027; x_wconf 76' lang='lat' dir='ltr'>tis·</span> 
     </span>
    </p>

    <p class='ocr_par' dir='ltr' id='par_1_4' title="bbox 478 1979 1830 2271">
     <span class='ocr_line' id='line_1_12' title="bbox 526 1979 1830 2162; baseline -0.002 -26"><span class='ocrx_word' id='word_1_77' title='bbox 526 1979 698 2137; x_wconf 48' lang='lat' dir='ltr'>sillone</span> <span class='ocrx_word' id='word_1_78' title='bbox 714 2087 762 2135; x_wconf 87' lang='lat' dir='ltr'>ex</span> <span class='ocrx_word' id='word_1_79' title='bbox 778 2088 866 2136; x_wconf 91' lang='lat' dir='ltr'>auro</span> <span class='ocrx_word' id='word_1_80' title='bbox 884 2063 1009 2136; x_wconf 88' lang='lat' dir='ltr'>textili</span> <span class='ocrx_word' id='word_1_81' title='bbox 1026 2062 1187 2157; x_wconf 90' lang='lat' dir='ltr'>precioso</span> <span class='ocrx_word' id='word_1_82' title='bbox 1213 2085 1367 2137; x_wconf 80' lang='lat' dir='ltr'>runcum</span> <span class='ocrx_word' id='word_1_83' title='bbox 1385 2065 1513 2162; x_wconf 81' lang='lat' dir='ltr'>caligis</span> <span class='ocrx_word' id='word_1_84' title='bbox 1537 2074 1578 2138; x_wconf 83' lang='lat' dir='ltr'>et</span> <span class='ocrx_word' id='word_1_85' title='bbox 1602 2064 1679 2138; x_wconf 88' lang='lat' dir='ltr'>tela</span> <span class='ocrx_word' id='word_1_86' title='bbox 1702 2059 1830 2136; x_wconf 86' lang='lat' dir='ltr'>bissmu</span> 
     </span>
     <span class='ocr_line' id='line_1_13' title="bbox 478 2175 1361 2271; baseline 0.002 -25"><span class='ocrx_word' id='word_1_87' title='bbox 478 2177 580 2248; x_wconf 88' lang='lat' dir='ltr'>rubia</span> <span class='ocrx_word' id='word_1_88' title='bbox 604 2217 613 2234; x_wconf 89' lang='lat'><strong>·</strong></span> <span class='ocrx_word' id='word_1_89' title='bbox 641 2177 736 2246; x_wconf 88' lang='lat' dir='ltr'>dono</span> <span class='ocrx_word' id='word_1_90' title='bbox 754 2176 840 2246; x_wconf 73' lang='lat' dir='ltr'>disi</span> <span class='ocrx_word' id='word_1_91' title='bbox 858 2176 1050 2248; x_wconf 88' lang='lat' dir='ltr'>reuerendi</span> <span class='ocrx_word' id='word_1_92' title='bbox 1067 2177 1182 2271; x_wconf 88' lang='lat' dir='ltr'>patris</span> <span class='ocrx_word' id='word_1_93' title='bbox 1199 2175 1333 2248; x_wconf 89' lang='lat' dir='ltr'>Gauini</span> <span class='ocrx_word' id='word_1_94' title='bbox 1352 2217 1361 2235; x_wconf 91' lang='lat'><strong>·</strong></span> 
     </span>
    </p>

    <p class='ocr_par' dir='ltr' id='par_1_5' title="bbox 476 2285 1829 2606">
     <span class='ocr_line' id='line_1_14' title="bbox 488 2285 1829 2382; baseline 0.001 -26"><span class='ocrx_word' id='word_1_95' title='bbox 488 2339 497 2356; x_wconf 89' lang='lat'><strong>.</strong></span> <span class='ocrx_word' id='word_1_96' title='bbox 526 2287 622 2360; x_wconf 88' lang='lat' dir='ltr'>Item</span> <span class='ocrx_word' id='word_1_97' title='bbox 638 2290 710 2359; x_wconf 92' lang='lat' dir='ltr'>duo</span> <span class='ocrx_word' id='word_1_98' title='bbox 724 2287 923 2382; x_wconf 89' lang='lat' dir='ltr'>corporalia</span> <span class='ocrx_word' id='word_1_99' title='bbox 939 2311 987 2360; x_wconf 86' lang='lat' dir='ltr'>ex</span> <span class='ocrx_word' id='word_1_100' title='bbox 1001 2288 1076 2360; x_wconf 87' lang='lat' dir='ltr'>tela</span> <span class='ocrx_word' id='word_1_101' title='bbox 1090 2286 1275 2359; x_wconf 89' lang='lat' dir='ltr'>Holaudie</span> <span class='ocrx_word' id='word_1_102' title='bbox 1289 2311 1445 2360; x_wconf 77' lang='lat' dir='ltr'>unacum</span> <span class='ocrx_word' id='word_1_103' title='bbox 1459 2285 1607 2361; x_wconf 87' lang='lat' dir='ltr'>custode</span> <span class='ocrx_word' id='word_1_104' title='bbox 1625 2300 1664 2360; x_wconf 88' lang='lat' dir='ltr'>et</span> <span class='ocrx_word' id='word_1_105' title='bbox 1681 2309 1829 2382; x_wconf 87' lang='lat' dir='ltr'>cooper-</span> 
     </span>
     <span class='ocr_line' id='line_1_15' title="bbox 476 2396 1827 2494; baseline 0.001 -26"><span class='ocrx_word' id='word_1_106' title='bbox 476 2401 569 2470; x_wconf 88' lang='lat' dir='ltr'>torio</span> <span class='ocrx_word' id='word_1_107' title='bbox 603 2400 726 2472; x_wconf 89' lang='lat' dir='ltr'>calicis</span> <span class='ocrx_word' id='word_1_108' title='bbox 760 2423 807 2473; x_wconf 89' lang='lat' dir='ltr'>ex</span> <span class='ocrx_word' id='word_1_109' title='bbox 841 2424 929 2473; x_wconf 88' lang='lat' dir='ltr'>auro</span> <span class='ocrx_word' id='word_1_110' title='bbox 969 2400 1093 2472; x_wconf 84' lang='lat' dir='ltr'>textili</span> <span class='ocrx_word' id='word_1_111' title='bbox 1128 2396 1288 2494; x_wconf 91' lang='lat' dir='ltr'>precioso</span> <span class='ocrx_word' id='word_1_112' title='bbox 1322 2437 1332 2455; x_wconf 89' lang='lat'><strong>·</strong></span> <span class='ocrx_word' id='word_1_113' title='bbox 1363 2401 1459 2471; x_wconf 92' lang='lat' dir='ltr'>dono</span> <span class='ocrx_word' id='word_1_114' title='bbox 1494 2399 1656 2473; x_wconf 87' lang='lat' dir='ltr'>eiusdem</span> <span class='ocrx_word' id='word_1_115' title='bbox 1692 2397 1827 2472; x_wconf 88' lang='lat' dir='ltr'>Gauini</span> 
     </span>
     <span class='ocr_line' id='line_1_16' title="bbox 476 2508 657 2606; baseline 0.011 -25"><span class='ocrx_word' id='word_1_116' title='bbox 476 2508 657 2606; x_wconf 89' lang='lat' dir='ltr'>episcopi·</span> 
     </span>
    </p>

    <p class='ocr_par' dir='ltr' id='par_1_6' title="bbox 475 2619 1828 2940">
     <span class='ocr_line' id='line_1_17' title="bbox 525 2619 1826 2720; baseline -0.002 -26"><span class='ocrx_word' id='word_1_117' title='bbox 525 2622 638 2696; x_wconf 85' lang='lat' dir='ltr'>Aliud</span> <span class='ocrx_word' id='word_1_118' title='bbox 656 2625 842 2720; x_wconf 87' lang='lat' dir='ltr'>corporale</span> <span class='ocrx_word' id='word_1_119' title='bbox 859 2645 943 2697; x_wconf 90' lang='lat' dir='ltr'>cum</span> <span class='ocrx_word' id='word_1_120' title='bbox 961 2625 1188 2717; x_wconf 89' lang='lat' dir='ltr'>coopertorio</span> <span class='ocrx_word' id='word_1_121' title='bbox 1205 2623 1379 2717; x_wconf 86' lang='lat' dir='ltr'>bipertito</span> <span class='ocrx_word' id='word_1_122' title='bbox 1396 2643 1444 2692; x_wconf 90' lang='lat' dir='ltr'>ex</span> <span class='ocrx_word' id='word_1_123' title='bbox 1461 2619 1548 2694; x_wconf 84' lang='lat' dir='ltr'>bisso</span> <span class='ocrx_word' id='word_1_124' title='bbox 1570 2623 1674 2720; x_wconf 89' lang='lat' dir='ltr'>aigro</span> <span class='ocrx_word' id='word_1_125' title='bbox 1700 2620 1826 2694; x_wconf 86' lang='lat' dir='ltr'>villoso</span> 
     </span>
     <span class='ocr_line' id='line_1_18' title="bbox 475 2731 1828 2831; baseline 0.001 -27"><span class='ocrx_word' id='word_1_126' title='bbox 475 2756 521 2805; x_wconf 85' lang='lat' dir='ltr'>ex</span> <span class='ocrx_word' id='word_1_127' title='bbox 556 2758 643 2808; x_wconf 85' lang='lat' dir='ltr'>auro</span> <span class='ocrx_word' id='word_1_128' title='bbox 681 2737 804 2810; x_wconf 89' lang='lat' dir='ltr'>textili</span> <span class='ocrx_word' id='word_1_129' title='bbox 839 2738 935 2809; x_wconf 91' lang='lat' dir='ltr'>douo</span> <span class='ocrx_word' id='word_1_130' title='bbox 969 2731 1131 2831; x_wconf 89' lang='lat' dir='ltr'>magistri</span> <span class='ocrx_word' id='word_1_131' title='bbox 1162 2734 1364 2808; x_wconf 79' lang='lat' dir='ltr'>Alexandri</span> <span class='ocrx_word' id='word_1_132' title='bbox 1399 2733 1589 2828; x_wconf 83' lang='lat' dir='ltr'>Galloway</span> <span class='ocrx_word' id='word_1_133' title='bbox 1622 2734 1770 2806; x_wconf 75' lang='lat' dir='ltr'>redoris</span> <span class='ocrx_word' id='word_1_134' title='bbox 1806 2758 1828 2805; x_wconf 91' lang='lat' dir='ltr'>a</span> 
     </span>
     <span class='ocr_line' id='line_1_19' title="bbox 477 2839 669 2940; baseline 0.026 -24"><span class='ocrx_word' id='word_1_135' title='bbox 477 2839 669 2940; x_wconf 84' lang='lat' dir='ltr'>Kynkell·</span> 
     </span>
    </p>

    <p class='ocr_par' dir='ltr' id='par_1_7' title="bbox 475 2955 1824 3144">
     <span class='ocr_line' id='line_1_20' title="bbox 524 2955 1824 3055; baseline -0.002 -26"><span class='ocrx_word' id='word_1_136' title='bbox 524 2957 692 3042; x_wconf 89' lang='lat' dir='ltr'>Quatuor</span> <span class='ocrx_word' id='word_1_137' title='bbox 726 2962 886 3055; x_wconf 78' lang='lat' dir='ltr'>pettines</span> <span class='ocrx_word' id='word_1_138' title='bbox 914 2959 1066 3033; x_wconf 87' lang='lat' dir='ltr'>eburnie</span> <span class='ocrx_word' id='word_1_139' title='bbox 1094 2982 1180 3030; x_wconf 89' lang='lat' dir='ltr'>cum</span> <span class='ocrx_word' id='word_1_140' title='bbox 1208 2955 1414 3032; x_wconf 87' lang='lat' dir='ltr'>custodibus</span> <span class='ocrx_word' id='word_1_141' title='bbox 1448 2959 1544 3030; x_wconf 91' lang='lat' dir='ltr'>dono</span> <span class='ocrx_word' id='word_1_142' title='bbox 1578 2956 1824 3053; x_wconf 87' lang='lat' dir='ltr'>episcoporum</span> 
     </span>
     <span class='ocr_line' id='line_1_21' title="bbox 475 3067 931 3144; baseline 0.018 -8"><span class='ocrx_word' id='word_1_143' title='bbox 475 3067 734 3142; x_wconf 72' lang='lat' dir='ltr'>curtecelsorum</span> <span class='ocrx_word' id='word_1_144' title='bbox 753 3067 931 3144; x_wconf 77' lang='lat' dir='ltr'>eoeleste·</span> 
     </span>
    </p>

    <p class='ocr_par' dir='ltr' id='par_1_8' title="bbox 475 3177 1827 3479">
     <span class='ocr_line' id='line_1_22' title="bbox 526 3177 1827 3278; baseline 0.001 -27"><span class='ocrx_word' id='word_1_145' title='bbox 526 3177 620 3252; x_wconf 85' lang='lat' dir='ltr'>Item</span> <span class='ocrx_word' id='word_1_146' title='bbox 638 3206 703 3275; x_wconf 90' lang='lat' dir='ltr'>par</span> <span class='ocrx_word' id='word_1_147' title='bbox 716 3183 985 3278; x_wconf 86' lang='lat' dir='ltr'>girothecarum</span> <span class='ocrx_word' id='word_1_148' title='bbox 1003 3206 1051 3254; x_wconf 87' lang='lat' dir='ltr'>ex</span> <span class='ocrx_word' id='word_1_149' title='bbox 1068 3180 1203 3254; x_wconf 84' lang='lat' dir='ltr'>iustius</span> <span class='ocrx_word' id='word_1_150' title='bbox 1219 3206 1285 3277; x_wconf 90' lang='lat' dir='ltr'>pro</span> <span class='ocrx_word' id='word_1_151' title='bbox 1303 3178 1413 3254; x_wconf 76' lang='lat' dir='ltr'>missu</span> <span class='ocrx_word' id='word_1_152' title='bbox 1429 3180 1649 3255; x_wconf 80' lang='lat' dir='ltr'>solemnibus</span> <span class='ocrx_word' id='word_1_153' title='bbox 1667 3183 1714 3254; x_wconf 87' lang='lat' dir='ltr'>ab</span> <span class='ocrx_word' id='word_1_154' title='bbox 1732 3182 1827 3253; x_wconf 87' lang='lat' dir='ltr'>anti-</span> 
     </span>
     <span class='ocr_line' id='line_1_23' title="bbox 475 3291 1824 3392; baseline 0.002 -31"><span class='ocrx_word' id='word_1_155' title='bbox 475 3312 546 3381; x_wconf 90' lang='lat' dir='ltr'>quo</span> <span class='ocrx_word' id='word_1_156' title='bbox 571 3316 654 3364; x_wconf 86' lang='lat' dir='ltr'>cum</span> <span class='ocrx_word' id='word_1_157' title='bbox 674 3293 869 3367; x_wconf 84' lang='lat' dir='ltr'>luminibus</span> <span class='ocrx_word' id='word_1_158' title='bbox 892 3296 1075 3392; x_wconf 77' lang='lat' dir='ltr'>argenteis</span> <span class='ocrx_word' id='word_1_159' title='bbox 1093 3296 1130 3366; x_wconf 90' lang='lat' dir='ltr'>in</span> <span class='ocrx_word' id='word_1_160' title='bbox 1149 3291 1251 3366; x_wconf 90' lang='lat' dir='ltr'>dorso</span> <span class='ocrx_word' id='word_1_161' title='bbox 1268 3291 1426 3367; x_wconf 88' lang='lat' dir='ltr'>honestis</span> <span class='ocrx_word' id='word_1_162' title='bbox 1443 3334 1453 3352; x_wconf 91' lang='lat'><strong>·</strong></span> <span class='ocrx_word' id='word_1_163' title='bbox 1472 3292 1522 3366; x_wconf 89' lang='lat' dir='ltr'>Et</span> <span class='ocrx_word' id='word_1_164' title='bbox 1544 3292 1678 3366; x_wconf 88' lang='lat' dir='ltr'>altrum</span> <span class='ocrx_word' id='word_1_165' title='bbox 1695 3315 1762 3389; x_wconf 87' lang='lat' dir='ltr'>par</span> <span class='ocrx_word' id='word_1_166' title='bbox 1778 3315 1824 3365; x_wconf 88' lang='lat' dir='ltr'>ex</span> 
     </span>
     <span class='ocr_line' id='line_1_24' title="bbox 476 3400 720 3479; baseline 0.037 -9"><span class='ocrx_word' id='word_1_167' title='bbox 476 3400 558 3475; x_wconf 89' lang='lat' dir='ltr'>lana</span> <span class='ocrx_word' id='word_1_168' title='bbox 574 3407 720 3479; x_wconf 86' lang='lat' dir='ltr'>textili·</span> 
     </span>
    </p>

    <p class='ocr_par' dir='ltr' id='par_1_9' title="bbox 525 3515 1392 3614">
     <span class='ocr_line' id='line_1_25' title="bbox 525 3515 1392 3614; baseline 0.005 -27"><span class='ocrx_word' id='word_1_169' title='bbox 525 3515 619 3589; x_wconf 86' lang='lat' dir='ltr'>Item</span> <span class='ocrx_word' id='word_1_170' title='bbox 637 3520 810 3614; x_wconf 87' lang='lat' dir='ltr'>greuriale</span> <span class='ocrx_word' id='word_1_171' title='bbox 828 3533 934 3593; x_wconf 84' lang='lat' dir='ltr'>vetus</span> <span class='ocrx_word' id='word_1_172' title='bbox 951 3542 1000 3592; x_wconf 86' lang='lat' dir='ltr'>ex</span> <span class='ocrx_word' id='word_1_173' title='bbox 1016 3518 1129 3592; x_wconf 89' lang='lat' dir='ltr'>serico</span> <span class='ocrx_word' id='word_1_174' title='bbox 1147 3516 1220 3590; x_wconf 84' lang='lat' dir='ltr'>albi</span> <span class='ocrx_word' id='word_1_175' title='bbox 1237 3517 1392 3591; x_wconf 90' lang='lat' dir='ltr'>coloris·</span> 
     </span>
    </p>

    <p class='ocr_par' dir='ltr' id='par_1_10' title="bbox 473 3627 1824 3953">
     <span class='ocr_line' id='line_1_26' title="bbox 525 3627 1824 3727; baseline 0.002 -29"><span class='ocrx_word' id='word_1_176' title='bbox 525 3627 739 3705; x_wconf 86' lang='lat' dir='ltr'>Pontificale</span> <span class='ocrx_word' id='word_1_177' title='bbox 755 3643 862 3705; x_wconf 83' lang='lat' dir='ltr'>vetus</span> <span class='ocrx_word' id='word_1_178' title='bbox 886 3655 934 3705; x_wconf 91' lang='lat' dir='ltr'>cx</span> <span class='ocrx_word' id='word_1_179' title='bbox 960 3652 1182 3727; x_wconf 90' lang='lat' dir='ltr'>pergameno</span> <span class='ocrx_word' id='word_1_180' title='bbox 1207 3627 1268 3702; x_wconf 93' lang='lat' dir='ltr'>sed</span> <span class='ocrx_word' id='word_1_181' title='bbox 1286 3632 1497 3702; x_wconf 87' lang='lat' dir='ltr'>decoratum</span> <span class='ocrx_word' id='word_1_182' title='bbox 1522 3640 1562 3701; x_wconf 90' lang='lat' dir='ltr'>et</span> <span class='ocrx_word' id='word_1_183' title='bbox 1586 3629 1824 3702; x_wconf 79' lang='lat' dir='ltr'>reformatum</span> 
     </span>
     <span class='ocr_line' id='line_1_27' title="bbox 474 3738 1823 3839; baseline 0.001 -28"><span class='ocrx_word' id='word_1_184' title='bbox 474 3761 539 3832; x_wconf 89' lang='lat' dir='ltr'>per</span> <span class='ocrx_word' id='word_1_185' title='bbox 553 3746 794 3818; x_wconf 89' lang='lat' dir='ltr'>reuerendum</span> <span class='ocrx_word' id='word_1_186' title='bbox 806 3745 989 3839; x_wconf 90' lang='lat' dir='ltr'>quondam</span> <span class='ocrx_word' id='word_1_187' title='bbox 1002 3753 1145 3839; x_wconf 83' lang='lat' dir='ltr'>patrem</span> <span class='ocrx_word' id='word_1_188' title='bbox 1158 3740 1376 3815; x_wconf 89' lang='lat' dir='ltr'>Villelmum</span> <span class='ocrx_word' id='word_1_189' title='bbox 1387 3738 1604 3836; x_wconf 86' lang='lat' dir='ltr'>Elphinston</span> <span class='ocrx_word' id='word_1_190' title='bbox 1617 3740 1823 3838; x_wconf 90' lang='lat' dir='ltr'>episcopum</span> 
     </span>
     <span class='ocr_line' id='line_1_28' title="bbox 473 3849 1620 3953; baseline 0.004 -32"><span class='ocrx_word' id='word_1_191' title='bbox 473 3875 556 3922; x_wconf 88' lang='lat' dir='ltr'>curn</span> <span class='ocrx_word' id='word_1_192' title='bbox 574 3854 745 3929; x_wconf 85' lang='lat' dir='ltr'>clausuris</span> <span class='ocrx_word' id='word_1_193' title='bbox 762 3858 903 3953; x_wconf 86' lang='lat' dir='ltr'>argenti</span> <span class='ocrx_word' id='word_1_194' title='bbox 922 3866 961 3930; x_wconf 93' lang='lat' dir='ltr'>ct</span> <span class='ocrx_word' id='word_1_195' title='bbox 978 3856 1088 3928; x_wconf 89' lang='lat' dir='ltr'>armis</span> <span class='ocrx_word' id='word_1_196' title='bbox 1104 3852 1263 3927; x_wconf 88' lang='lat' dir='ltr'>eiusdem</span> <span class='ocrx_word' id='word_1_197' title='bbox 1280 3854 1418 3925; x_wconf 91' lang='lat' dir='ltr'>domiui</span> <span class='ocrx_word' id='word_1_198' title='bbox 1436 3849 1593 3949; x_wconf 87' lang='lat' dir='ltr'>episcopi</span> <span class='ocrx_word' id='word_1_199' title='bbox 1611 3893 1620 3912; x_wconf 91' lang='lat'><strong>·</strong></span> 
     </span>
    </p>

    <p class='ocr_par' dir='ltr' id='par_1_11' title="bbox 473 3963 1824 4400">
     <span class='ocr_line' id='line_1_29' title="bbox 524 3963 1824 4064; baseline 0.002 -27"><span class='ocrx_word' id='word_1_200' title='bbox 524 3963 632 4039; x_wconf 89' lang='lat' dir='ltr'>Vnus</span> <span class='ocrx_word' id='word_1_201' title='bbox 656 3969 807 4043; x_wconf 85' lang='lat' dir='ltr'>buculus</span> <span class='ocrx_word' id='word_1_202' title='bbox 831 3967 1019 4064; x_wconf 85' lang='lat' dir='ltr'>pastoralis</span> <span class='ocrx_word' id='word_1_203' title='bbox 1046 3963 1357 4039; x_wconf 86' lang='lat' dir='ltr'>maior&#39;houestus</span> <span class='ocrx_word' id='word_1_204' title='bbox 1380 3988 1428 4038; x_wconf 89' lang='lat' dir='ltr'>ex</span> <span class='ocrx_word' id='word_1_205' title='bbox 1454 3976 1606 4062; x_wconf 86' lang='lat' dir='ltr'>argento</span> <span class='ocrx_word' id='word_1_206' title='bbox 1628 3965 1824 4040; x_wconf 84' lang='lat' dir='ltr'>deauratus</span> 
     </span>
     <span class='ocr_line' id='line_1_30' title="bbox 473 4074 1824 4176; baseline 0.002 -28"><span class='ocrx_word' id='word_1_207' title='bbox 473 4076 640 4170; x_wconf 87' lang='lat' dir='ltr'>ponderis</span> <span class='ocrx_word' id='word_1_208' title='bbox 668 4081 852 4173; x_wconf 89' lang='lat' dir='ltr'>quondam</span> <span class='ocrx_word' id='word_1_209' title='bbox 869 4079 1008 4176; x_wconf 89' lang='lat' dir='ltr'>septem</span> <span class='ocrx_word' id='word_1_210' title='bbox 1035 4079 1209 4151; x_wconf 90' lang='lat' dir='ltr'>librarum</span> <span class='ocrx_word' id='word_1_211' title='bbox 1236 4088 1277 4151; x_wconf 89' lang='lat' dir='ltr'>et</span> <span class='ocrx_word' id='word_1_212' title='bbox 1296 4074 1359 4150; x_wconf 86' lang='lat' dir='ltr'>sex</span> <span class='ocrx_word' id='word_1_213' title='bbox 1377 4077 1564 4152; x_wconf 78' lang='lat' dir='ltr'>unciarum</span> <span class='ocrx_word' id='word_1_214' title='bbox 1581 4078 1685 4151; x_wconf 87' lang='lat' dir='ltr'>cuius</span> <span class='ocrx_word' id='word_1_215' title='bbox 1702 4079 1824 4151; x_wconf 87' lang='lat' dir='ltr'>media</span> 
     </span>
     <span class='ocr_line' id='line_1_31' title="bbox 474 4185 1823 4287; baseline 0.001 -25"><span class='ocrx_word' id='word_1_216' title='bbox 474 4211 553 4281; x_wconf 87' lang='lat' dir='ltr'>pars</span> <span class='ocrx_word' id='word_1_217' title='bbox 571 4190 669 4264; x_wconf 88' lang='lat' dir='ltr'>furto</span> <span class='ocrx_word' id='word_1_218' title='bbox 686 4191 828 4267; x_wconf 88' lang='lat' dir='ltr'>sublata</span> <span class='ocrx_word' id='word_1_219' title='bbox 850 4189 905 4266; x_wconf 89' lang='lat' dir='ltr'>est</span> <span class='ocrx_word' id='word_1_220' title='bbox 930 4194 1071 4267; x_wconf 86' lang='lat' dir='ltr'>incuria</span> <span class='ocrx_word' id='word_1_221' title='bbox 1087 4187 1275 4263; x_wconf 88' lang='lat' dir='ltr'>custodum</span> <span class='ocrx_word' id='word_1_222' title='bbox 1295 4212 1416 4262; x_wconf 89' lang='lat' dir='ltr'>rernm</span> <span class='ocrx_word' id='word_1_223' title='bbox 1433 4188 1697 4286; x_wconf 83' lang='lat' dir='ltr'>pontificalium</span> <span class='ocrx_word' id='word_1_224' title='bbox 1712 4185 1823 4287; x_wconf 87' lang='lat' dir='ltr'>preli·</span> 
     </span>
     <span class='ocr_line' id='line_1_32' title="bbox 473 4299 1770 4400; baseline 0.004 -29"><span class='ocrx_word' id='word_1_225' title='bbox 473 4300 583 4374; x_wconf 89' lang='lat' dir='ltr'>dente</span> <span class='ocrx_word' id='word_1_226' title='bbox 599 4305 800 4378; x_wconf 80' lang='lat' dir='ltr'>reuemndo</span> <span class='ocrx_word' id='word_1_227' title='bbox 817 4316 922 4400; x_wconf 88' lang='lat' dir='ltr'>patre</span> <span class='ocrx_word' id='word_1_228' title='bbox 940 4303 1119 4379; x_wconf 90' lang='lat' dir='ltr'>Villelmo</span> <span class='ocrx_word' id='word_1_229' title='bbox 1136 4301 1287 4376; x_wconf 88' lang='lat' dir='ltr'>Steuart</span> <span class='ocrx_word' id='word_1_230' title='bbox 1303 4299 1554 4376; x_wconf 79' lang='lat' dir='ltr'>Aberdonensr</span> <span class='ocrx_word' id='word_1_231' title='bbox 1574 4299 1741 4398; x_wconf 90' lang='lat' dir='ltr'>episcopo</span> <span class='ocrx_word' id='word_1_232' title='bbox 1760 4346 1770 4363; x_wconf 91' lang='lat'><strong>·</strong></span> 
     </span>
    </p>

    <p class='ocr_par' dir='ltr' id='par_1_12' title="bbox 522 4409 1820 4510">
     <span class='ocr_line' id='line_1_33' title="bbox 522 4409 1820 4510; baseline 0.003 -29"><span class='ocrx_word' id='word_1_233' title='bbox 522 4409 633 4483; x_wconf 87' lang='lat' dir='ltr'>Alter</span> <span class='ocrx_word' id='word_1_234' title='bbox 648 4410 800 4485; x_wconf 83' lang='lat' dir='ltr'>baculus</span> <span class='ocrx_word' id='word_1_235' title='bbox 817 4413 959 4507; x_wconf 84' lang='lat' dir='ltr'>argenti</span> <span class='ocrx_word' id='word_1_236' title='bbox 972 4414 1093 4486; x_wconf 86' lang='lat' dir='ltr'>minor</span> <span class='ocrx_word' id='word_1_237' title='bbox 1105 4414 1275 4510; x_wconf 88' lang='lat' dir='ltr'>ponderis</span> <span class='ocrx_word' id='word_1_238' title='bbox 1288 4414 1441 4488; x_wconf 88' lang='lat' dir='ltr'>duarum</span> <span class='ocrx_word' id='word_1_239' title='bbox 1460 4414 1632 4488; x_wconf 81' lang='lat' dir='ltr'>librarum</span> <span class='ocrx_word' id='word_1_240' title='bbox 1650 4413 1820 4488; x_wconf 87' lang='lat' dir='ltr'>tridecim</span> 
     </span>
    </p>

    <p class='ocr_par' dir='ltr' id='par_1_13' title="bbox 438 4519 1739 4622">
     <span class='ocr_line' id='line_1_34' title="bbox 438 4519 1739 4622; baseline 0.005 -29"><span class='ocrx_word' id='word_1_241' title='bbox 438 4519 442 4529; x_wconf 86' lang='lat'>&#39;</span> <span class='ocrx_word' id='word_1_242' title='bbox 474 4523 658 4595; x_wconf 72' lang='lat' dir='ltr'>unciarum</span> <span class='ocrx_word' id='word_1_243' title='bbox 675 4545 760 4597; x_wconf 89' lang='lat' dir='ltr'>cum</span> <span class='ocrx_word' id='word_1_244' title='bbox 777 4521 986 4598; x_wconf 84' lang='lat' dir='ltr'>custodibus</span> <span class='ocrx_word' id='word_1_245' title='bbox 1003 4523 1190 4622; x_wconf 85' lang='lat' dir='ltr'>vtriusque</span> <span class='ocrx_word' id='word_1_246' title='bbox 1206 4548 1290 4599; x_wconf 89' lang='lat' dir='ltr'>cum</span> <span class='ocrx_word' id='word_1_247' title='bbox 1308 4528 1523 4622; x_wconf 90' lang='lat' dir='ltr'>manitergio</span> <span class='ocrx_word' id='word_1_248' title='bbox 1540 4523 1739 4600; x_wconf 85' lang='lat' dir='ltr'>consueto·</span> 
     </span>
    </p>

    <p class='ocr_par' dir='ltr' id='par_1_14' title="bbox 523 4631 1821 4736">
     <span class='ocr_line' id='line_1_35' title="bbox 523 4631 1821 4736; baseline 0.006 -30"><span class='ocrx_word' id='word_1_249' title='bbox 523 4633 618 4709; x_wconf 88' lang='lat' dir='ltr'>Item</span> <span class='ocrx_word' id='word_1_250' title='bbox 632 4635 788 4709; x_wconf 86' lang='lat' dir='ltr'>annulus</span> <span class='ocrx_word' id='word_1_251' title='bbox 804 4631 993 4732; x_wconf 86' lang='lat' dir='ltr'>pastoralis</span> <span class='ocrx_word' id='word_1_252' title='bbox 1003 4660 1068 4733; x_wconf 91' lang='lat' dir='ltr'>pro</span> <span class='ocrx_word' id='word_1_253' title='bbox 1083 4640 1231 4712; x_wconf 92' lang='lat' dir='ltr'>domino</span> <span class='ocrx_word' id='word_1_254' title='bbox 1244 4637 1410 4734; x_wconf 88' lang='lat' dir='ltr'>episcopo</span> <span class='ocrx_word' id='word_1_255' title='bbox 1426 4660 1474 4711; x_wconf 86' lang='lat' dir='ltr'>ex</span> <span class='ocrx_word' id='word_1_256' title='bbox 1491 4659 1580 4712; x_wconf 87' lang='lat' dir='ltr'>auro</span> <span class='ocrx_word' id='word_1_257' title='bbox 1593 4659 1678 4711; x_wconf 89' lang='lat' dir='ltr'>cum</span> <span class='ocrx_word' id='word_1_258' title='bbox 1688 4660 1821 4736; x_wconf 87' lang='lat' dir='ltr'>magno</span> 
     </span>
    </p>
   </div>
   <div class='ocr_carea' id='block_1_3' title="bbox 0 0 2286 5968">
    <p class='ocr_par' dir='ltr' id='par_1_15' title="bbox 0 0 2286 5968">
     <span class='ocr_line' id='line_1_36' title="bbox 0 0 2286 5968; baseline 0 5"><span class='ocrx_word' id='word_1_259' title='bbox 0 0 2286 5968; x_wconf 95' lang='lat' dir='ltr'> </span> 
     </span>
    </p>
   </div>
  </div>
 </body>
</html>
