4526 5954
474 694 580 790 xvc]
942 709 1343 788 Anaeoonnnsn.

564 1563 645 1647 Pao
667 1594 905 1647 sannnrmrn
923 1594 1059 1645 naurs·
1080 1574 1224 1648 Lacrro
1243 1576 1445 1650 Hrnnnnrn
1463 1577 1671 1650 Psoennrn
1692 1620 1701 1636 ·

512 1797 558 1870 ln
575 1799 704 1870 diebus
734 1796 805 1866 illis
829 1796 974 1868 loeutus
999 1795 1052 1870 est
1078 1797 1248 1874 Ieremias
1277 1802 1452 1898 propheta
1468 1803 1592 1875 dicens
1616 1802 1802 1900 Coninrge

459 1910 568 1982 lauda
595 1910 633 1980 in
660 1904 768 1979 nodie
794 1908 833 1977 in
861 1909 1036 2004 principio
1065 1912 1264 2009 vigiliarum
1298 1913 1445 1987 effunde
1470 1910 1563 1987 ficut
1582 1936 1713 2007 aquam
1741 1940 1804 1988 cor

458 2033 565 2095 tuom
590 2029 678 2094 ante
702 2015 933 2113 conspedum
959 2023 1097 2096 domini
1114 2026 1173 2098 dei
1189 2027 1243 2098 tui
1261 2065 1270 2084 ·
1289 2025 1391 2098 Lena
1407 2025 1453 2098 ad
1471 2047 1556 2098 eum
1573 2047 1703 2099 manus
1720 2040 1802 2099 tuos

456 2155 522 2227 pro
537 2129 727 2206 animabus
744 2129 977 2223 paruulorum
1003 2144 1149 2208 tuorum
1166 2177 1175 2195 ·
1193 2140 1255 2232 qui
1271 2139 1483 2232 deiecerunt
1508 2139 1604 2212 inme
1624 2139 1663 2210 in
1680 2141 1800 2234 eapite

455 2246 619 2317 omnium
636 2241 899 2334 compitorum·
920 2242 1019 2316 Vide
1035 2245 1181 2318 dominc
1197 2256 1236 2318 et
1251 2245 1445 2339 consydera
1461 2269 1571 2340 qnem
1597 2245 1797 2320 vindemia·

456 2358 552 2427 neris
568 2356 647 2427 ita·
666 2350 763 2448 Ergo
788 2376 835 2426 ne
860 2355 1055 2430 comedent
1079 2356 1247 2429 mulieres
1273 2358 1429 2431 fredum
1445 2355 1548 2430 suum
1565 2357 1737 2452 paruulos
1753 2360 1799 2429 ad

454 2463 659 2568 mensuram
694 2463 816 2559 palme
834 2506 842 2523 ·
863 2463 890 2538 fi
915 2468 1093 2540 occiditur
1117 2469 1156 2540 in
1180 2465 1377 2542 sunduario
1402 2471 1539 2568 domini
1565 2468 1731 2543 sacerdos
1760 2485 1799 2543 et

450 2576 630 2672 propheta
645 2576 799 2650 formido
817 2587 856 2652 ot
873 2578 1025 2673 loquens
1042 2580 1137 2652 fasta
1148 2575 1203 2651 est
1212 2580 1315 2653 nobis
1327 2581 1537 2653 vaticinatio
1550 2588 1589 2653 et
1601 2582 1775 2652 contritio
1789 2620 1798 2638 ·

454 2683 658 2762 Diuisiones
674 2711 849 2782 aquarum
867 2692 1022 2764 deduxit
1038 2691 1166 2764 oculus
1182 2713 1284 2763 meus
1296 2694 1334 2764 in
1347 2692 1566 2764 contritione
1582 2691 1658 2763 filie
1671 2692 1795 2786 populi

451 2803 524 2873 mei
542 2801 670 2874 oculus
686 2823 790 2878 meos
806 2803 959 2877 afflistus
984 2800 1039 2876 est
1063 2827 1133 2876 nec
1149 2805 1264 2878 tacuit
1280 2827 1324 2876 eo
1341 2804 1438 2898 qnod
1455 2826 1529 2875 non
1546 2798 1636 2877 eiset
1652 2806 1796 2898 requies

451 2912 567 2985 donec
583 2911 778 3008 respiceret
794 2927 834 2988 et
851 2917 994 2990 videret
1010 2917 1178 2988 dominus
1202 2915 1248 2988 do
1272 2915 1360 2990 celis
1377 2953 1385 2972 ·
1404 2913 1682 2988 Inundnuerunt
1699 2937 1793 3008 aque

451 3021 557 3119 snper
581 3036 692 3120 caput
709 3049 835 3099 meum
853 3069 863 3087 ·
882 3029 958 3100 dixi
978 3029 1072 3122 Perij
1090 3069 1100 3086 ·
1119 3027 1293 3101 Innocaui
1310 3050 1443 3100 nomen
1460 3036 1566 3100 tuum
1583 3026 1730 3098 domiue
1748 3026 1794 3098 de

449 3136 532 3210 lacn
558 3132 745 3210 nouiffimo
771 3161 897 3212 rocem
924 3163 1043 3213 meam
1068 3137 1198 3213 audisti
1216 3179 1225 3196 ·
1245 3137 1306 3211 No
1331 3149 1474 3212 ouertos
1498 3160 1623 3212 aurem
1650 3149 1752 3210 tuam
1771 3163 1794 3210 a

449 3245 610 3346 singultu
626 3272 709 3322 meo
726 3259 766 3322 et
782 3251 941 3325 clamore
958 3293 967 3310 ·
985 3247 1289 3348 Appropinqnasti
1315 3253 1352 3323 in
1374 3251 1434 3324 die
1449 3274 1521 3344 qua
1536 3251 1705 3322 inuocani
1730 3264 1789 3320 te·

449 3359 572 3434 dixisti
588 3360 648 3432 No
661 3363 810 3434 timeas·
825 3360 998 3437 Indicnsti
1011 3362 1154 3437 eausam
1171 3365 1290 3436 anime
1302 3385 1383 3434 mee
1397 3361 1604 3455 redemptor
1615 3362 1691 3432 vite
1709 3382 1791 3432 mee

449 3475 596 3547 domiue
613 3473 703 3545 deus
721 3496 844 3546 meus·

573 3808 653 3882 Pno
671 3829 815 3881 ennom
834 3829 1011 3881 enrnnon
1028 3848 1038 3866 ·
1057 3807 1201 3880 linono
1220 3806 1425 3879 Hunenurn
1443 3826 1671 3880 rnoranrn·

497 4033 543 4105 In
586 4033 714 4105 diebus
749 4033 820 4108 illis
862 4034 984 4107 orauit
1027 4031 1200 4106 Ieremias
1232 4033 1408 4127 propheta
1441 4033 1565 4105 dicens
1607 4029 1785 4126 Nunqnid

446 4143 639 4244 proijeiens
662 4142 825 4220 abiecisti
847 4145 984 4219 Judam
1012 4155 1079 4219 ant
1105 4143 1203 4239 Syon
1228 4143 1436 4218 abominata
1460 4141 1514 4217 cst
1539 4145 1661 4216 anima
1694 4145 1787 4218 toni

445 4260 569 4347 Quare
586 4280 672 4354 ergo
688 4253 884 4353 percussisti
902 4281 970 4332 nos
985 4259 1040 4333 ita
1055 4269 1097 4331 rt
1113 4255 1214 4330 nullu
1230 4252 1275 4329 srt
1290 4253 1449 4330 sanitas?
1496 4254 1783 4350 Expedtuuimns

439 4394 570 4468 paoem
587 4380 626 4444 et
641 4391 718 4468 non
733 4365 788 4444 est
805 4370 941 4443 bonum
967 4383 1007 4446 et
1031 4380 1176 4466 tempus
1198 4371 1395 4443 curationis
1419 4379 1459 4443 et
1481 4390 1567 4441 ecoe
1593 4367 1778 4441 turbatio·

443 4483 692 4582 cognocimus
707 4482 855 4555 domino
870 4484 1079 4577 impietates
1094 4477 1232 4556 nostrus
1247 4490 1287 4554 et
1302 4481 1513 4577 iniquitates
1538 4487 1685 4574 patrum
1704 4476 1786 4552 nos·

441 4617 582 4670 trorum
608 4595 693 4691 quie
709 4596 940 4696 peocnnimus
956 4595 1052 4670 tibi·
1077 4593 1139 4668 Ne
1163 4594 1227 4677 des
1251 4615 1316 4666 noa
1333 4595 1372 4666 in
1385 4589 1619 4687 obprobrium
1636 4603 1785 4687 propter
