<?xml version="1.0" encoding="UTF-8"?>
<!DOCTYPE html PUBLIC "-//W3C//DTD XHTML 1.0 Transitional//EN"
    "http://www.w3.org/TR/xhtml1/DTD/xhtml1-transitional.dtd">
<html xmlns="http://www.w3.org/1999/xhtml" xml:lang="en" lang="en">
 <head>
  <title>
</title>
<meta http-equiv="Content-Type" content="text/html;charset=utf-8" />
  <meta name='ocr-system' content='tesseract 3.04.00' />
  <meta name='ocr-capabilities' content='ocr_page ocr_carea ocr_par ocr_line ocrx_word'/>
</head>
<body>
  <div class='ocr_page' id='page_1' title='image "./registrumepisco00innegoog_0269.png"; bbox 0 0 4564 5968; ppageno 0'>
   <div class='ocr_carea' id='block_1_1' title="bbox 509 685 1842 790">
    <p class='ocr_par' dir='ltr' id='par_1_1' title="bbox 509 685 1842 790">
     <span class='ocr_line' id='line_1_1' title="bbox 509 685 1842 790; baseline 0.002 -28"><span class='ocrx_word' id='word_1_1' title='bbox 509 697 579 762; x_wconf 74' lang='lat'><strong>202</strong></span> <span class='ocrx_word' id='word_1_2' title='bbox 1026 685 1334 760; x_wconf 84' lang='lat' dir='ltr'><strong>REGISTRUM</strong></span> <span class='ocrx_word' id='word_1_3' title='bbox 1690 693 1842 790; x_wconf 76' lang='lat' dir='ltr'><strong>[saeuus</strong></span> 
     </span>
    </p>
   </div>
   <div class='ocr_carea' id='block_1_2' title="bbox 507 882 1843 1299">
    <p class='ocr_par' dir='ltr' id='par_1_2' title="bbox 507 882 1843 1299">
     <span class='ocr_line' id='line_1_2' title="bbox 1015 882 1344 958; baseline -0.009 -1"><span class='ocrx_word' id='word_1_4' title='bbox 1015 885 1157 958; x_wconf 79' lang='lat' dir='ltr'><strong>Alanus</strong></span> <span class='ocrx_word' id='word_1_5' title='bbox 1175 882 1344 955; x_wconf 82' lang='lat' dir='ltr'><strong>Fwthes·</strong></span> 
     </span>
     <span class='ocr_line' id='line_1_3' title="bbox 507 993 1843 1097; baseline 0.003 -25"><span class='ocrx_word' id='word_1_6' title='bbox 507 1001 628 1074; x_wconf 83' lang='lat' dir='ltr'><strong>Tertio</strong></span> <span class='ocrx_word' id='word_1_7' title='bbox 669 1001 758 1075; x_wconf 92' lang='lat' dir='ltr'><strong>ldus</strong></span> <span class='ocrx_word' id='word_1_8' title='bbox 800 1002 903 1096; x_wconf 89' lang='lat' dir='ltr'><strong>Junij</strong></span> <span class='ocrx_word' id='word_1_9' title='bbox 948 1000 1069 1072; x_wconf 89' lang='lat' dir='ltr'><strong>obitus</strong></span> <span class='ocrx_word' id='word_1_10' title='bbox 1104 993 1264 1091; x_wconf 82' lang='lat' dir='ltr'><strong>magistri</strong></span> <span class='ocrx_word' id='word_1_11' title='bbox 1303 994 1415 1067; x_wconf 88' lang='lat' dir='ltr'><strong>Alani</strong></span> <span class='ocrx_word' id='word_1_12' title='bbox 1449 993 1594 1070; x_wconf 87' lang='lat' dir='ltr'><strong>Fwthes</strong></span> <span class='ocrx_word' id='word_1_13' title='bbox 1629 997 1843 1097; x_wconf 83' lang='lat' dir='ltr'><strong>suorumque</strong></span> 
     </span>
     <span class='ocr_line' id='line_1_4' title="bbox 507 1107 1843 1208; baseline 0 -22"><span class='ocrx_word' id='word_1_14' title='bbox 507 1122 698 1208; x_wconf 86' lang='lat' dir='ltr'><strong>parentum</strong></span> <span class='ocrx_word' id='word_1_15' title='bbox 716 1115 762 1188; x_wconf 85' lang='lat' dir='ltr'><strong>de</strong></span> <span class='ocrx_word' id='word_1_16' title='bbox 779 1114 843 1208; x_wconf 86' lang='lat' dir='ltr'><strong>xiij</strong></span> <span class='ocrx_word' id='word_1_17' title='bbox 861 1115 891 1186; x_wconf 75' lang='grc' dir='ltr'><strong>ἔ.</strong></span> <span class='ocrx_word' id='word_1_18' title='bbox 909 1113 961 1208; x_wconf 88' lang='lat' dir='ltr'><strong>iiij</strong></span> <span class='ocrx_word' id='word_1_19' title='bbox 978 1108 1016 1184; x_wconf 85' lang='lat' dir='ltr'><strong>d.</strong></span> <span class='ocrx_word' id='word_1_20' title='bbox 1034 1110 1145 1184; x_wconf 90' lang='lat' dir='ltr'><strong>annui</strong></span> <span class='ocrx_word' id='word_1_21' title='bbox 1163 1108 1326 1180; x_wconf 90' lang='lat' dir='ltr'><strong>redditus</strong></span> <span class='ocrx_word' id='word_1_22' title='bbox 1343 1107 1390 1179; x_wconf 84' lang='lat' dir='ltr'><strong>de</strong></span> <span class='ocrx_word' id='word_1_23' title='bbox 1407 1108 1509 1178; x_wconf 77' lang='lat' dir='ltr'><strong>tersis</strong></span> <span class='ocrx_word' id='word_1_24' title='bbox 1526 1107 1572 1180; x_wconf 86' lang='lat' dir='ltr'><strong>de</strong></span> <span class='ocrx_word' id='word_1_25' title='bbox 1590 1109 1688 1183; x_wconf 90' lang='lat' dir='ltr'><strong>Glak</strong></span> <span class='ocrx_word' id='word_1_26' title='bbox 1709 1114 1843 1208; x_wconf 89' lang='lat' dir='ltr'><strong>dequo</strong></span> 
     </span>
     <span class='ocr_line' id='line_1_5' title="bbox 507 1227 867 1299; baseline -0.008 0"><span class='ocrx_word' id='word_1_27' title='bbox 507 1227 831 1299; x_wconf 82' lang='lat' dir='ltr'><strong>eonsmemoraeio·</strong></span> <span class='ocrx_word' id='word_1_28' title='bbox 863 1249 867 1256; x_wconf 94' lang='lat'>·</span> 
     </span>
    </p>
   </div>
   <div class='ocr_carea' id='block_1_3' title="bbox 502 1447 1841 1990">
    <p class='ocr_par' dir='ltr' id='par_1_3' title="bbox 502 1447 1841 1990">
     <span class='ocr_line' id='line_1_6' title="bbox 950 1447 1383 1542; baseline -0.012 -21"><span class='ocrx_word' id='word_1_29' title='bbox 950 1449 1105 1520; x_wconf 78' lang='lat' dir='ltr'><strong>Thomas</strong></span> <span class='ocrx_word' id='word_1_30' title='bbox 1124 1447 1383 1542; x_wconf 85' lang='lat' dir='ltr'><strong>Eddynname·</strong></span> 
     </span>
     <span class='ocr_line' id='line_1_7' title="bbox 507 1553 1840 1655; baseline -0.003 -21"><span class='ocrx_word' id='word_1_31' title='bbox 507 1563 672 1655; x_wconf 89' lang='lat' dir='ltr'><strong>Septimo</strong></span> <span class='ocrx_word' id='word_1_32' title='bbox 702 1559 880 1632; x_wconf 79' lang='lat' dir='ltr'><strong>kalendas</strong></span> <span class='ocrx_word' id='word_1_33' title='bbox 908 1559 999 1653; x_wconf 88' lang='lat' dir='ltr'><strong>Julij</strong></span> <span class='ocrx_word' id='word_1_34' title='bbox 1030 1559 1151 1632; x_wconf 90' lang='lat' dir='ltr'><strong>obitus</strong></span> <span class='ocrx_word' id='word_1_35' title='bbox 1184 1559 1279 1631; x_wconf 88' lang='lat' dir='ltr'><strong>bone</strong></span> <span class='ocrx_word' id='word_1_36' title='bbox 1309 1559 1480 1629; x_wconf 84' lang='lat' dir='ltr'><strong>memorie</strong></span> <span class='ocrx_word' id='word_1_37' title='bbox 1513 1553 1673 1651; x_wconf 81' lang='lat' dir='ltr'><strong>magistri</strong></span> <span class='ocrx_word' id='word_1_38' title='bbox 1702 1557 1840 1630; x_wconf 86' lang='lat' dir='ltr'><strong>Thome</strong></span> 
     </span>
     <span class='ocr_line' id='line_1_8' title="bbox 508 1666 1840 1766; baseline -0.002 -22"><span class='ocrx_word' id='word_1_39' title='bbox 508 1673 746 1766; x_wconf 85' lang='lat' dir='ltr'><strong>Eddynname</strong></span> <span class='ocrx_word' id='word_1_40' title='bbox 763 1669 990 1765; x_wconf 87' lang='lat' dir='ltr'><strong>prebendan&#39;j</strong></span> <span class='ocrx_word' id='word_1_41' title='bbox 1009 1671 1055 1742; x_wconf 92' lang='lat' dir='ltr'><strong>de</strong></span> <span class='ocrx_word' id='word_1_42' title='bbox 1068 1669 1153 1743; x_wconf 85' lang='lat' dir='ltr'><strong>Clat</strong></span> <span class='ocrx_word' id='word_1_43' title='bbox 1170 1673 1216 1742; x_wconf 90' lang='lat' dir='ltr'><strong>de</strong></span> <span class='ocrx_word' id='word_1_44' title='bbox 1234 1693 1305 1763; x_wconf 91' lang='lat' dir='ltr'><strong>quo</strong></span> <span class='ocrx_word' id='word_1_45' title='bbox 1322 1669 1670 1743; x_wconf 85' lang='lat' dir='ltr'><strong>commemoratiode</strong></span> <span class='ocrx_word' id='word_1_46' title='bbox 1683 1693 1706 1742; x_wconf 86' lang='lat' dir='ltr'>x</span> <span class='ocrx_word' id='word_1_47' title='bbox 1721 1666 1840 1742; x_wconf 83' lang='lat' dir='ltr'><strong>solidis</strong></span> 
     </span>
     <span class='ocr_line' id='line_1_9' title="bbox 506 1778 1841 1880; baseline -0.001 -24"><span class='ocrx_word' id='word_1_48' title='bbox 506 1783 669 1856; x_wconf 84' lang='lat' dir='ltr'><strong>leuandis</strong></span> <span class='ocrx_word' id='word_1_49' title='bbox 693 1782 883 1853; x_wconf 78' lang='lat' dir='ltr'><strong>annuatim</strong></span> <span class='ocrx_word' id='word_1_50' title='bbox 910 1780 1085 1853; x_wconf 72' lang='lat' dir='ltr'><strong>detentis</strong></span> <span class='ocrx_word' id='word_1_51' title='bbox 1110 1778 1186 1855; x_wconf 82' lang='lat' dir='ltr'><strong>lius</strong></span> <span class='ocrx_word' id='word_1_52' title='bbox 1209 1782 1334 1854; x_wconf 84' lang='lat' dir='ltr'><strong>croftis</strong></span> <span class='ocrx_word' id='word_1_53' title='bbox 1357 1779 1535 1880; x_wconf 84' lang='lat' dir='ltr'><strong>Willelmi</strong></span> <span class='ocrx_word' id='word_1_54' title='bbox 1562 1779 1732 1854; x_wconf 76' lang='lat' dir='ltr'><strong>Schenar</strong></span> <span class='ocrx_word' id='word_1_55' title='bbox 1758 1781 1841 1854; x_wconf 85' lang='lat' dir='ltr'><strong>bur-</strong></span> 
     </span>
     <span class='ocr_line' id='line_1_10' title="bbox 502 1885 927 1990; baseline -0.009 -24"><span class='ocrx_word' id='word_1_56' title='bbox 502 1890 620 1990; x_wconf 74' lang='lat' dir='ltr'><strong>gensis</strong></span> <span class='ocrx_word' id='word_1_57' title='bbox 636 1885 927 1963; x_wconf 82' lang='lat' dir='ltr'><strong>Aberdonenfis·</strong></span> 
     </span>
    </p>
   </div>
   <div class='ocr_carea' id='block_1_4' title="bbox 502 2113 1839 2528">
    <p class='ocr_par' dir='ltr' id='par_1_4' title="bbox 502 2113 1839 2528">
     <span class='ocr_line' id='line_1_11' title="bbox 1021 2113 1324 2210; baseline 0.003 -25"><span class='ocrx_word' id='word_1_58' title='bbox 1021 2113 1181 2186; x_wconf 84' lang='lat' dir='ltr'><strong>Jacobus</strong></span> <span class='ocrx_word' id='word_1_59' title='bbox 1199 2115 1324 2210; x_wconf 84' lang='lat' dir='ltr'><strong>Lyon·</strong></span> 
     </span>
     <span class='ocr_line' id='line_1_12' title="bbox 505 2222 1839 2324; baseline -0.001 -21"><span class='ocrx_word' id='word_1_60' title='bbox 505 2230 670 2324; x_wconf 85' lang='lat' dir='ltr'><strong>Septimo</strong></span> <span class='ocrx_word' id='word_1_61' title='bbox 695 2228 785 2301; x_wconf 87' lang='lat' dir='ltr'><strong>Idus</strong></span> <span class='ocrx_word' id='word_1_62' title='bbox 809 2226 900 2321; x_wconf 87' lang='lat' dir='ltr'><strong>Julij</strong></span> <span class='ocrx_word' id='word_1_63' title='bbox 925 2227 1046 2300; x_wconf 88' lang='lat' dir='ltr'><strong>obitus</strong></span> <span class='ocrx_word' id='word_1_64' title='bbox 1070 2222 1229 2321; x_wconf 79' lang='lat' dir='ltr'><strong>magistri</strong></span> <span class='ocrx_word' id='word_1_65' title='bbox 1254 2225 1383 2299; x_wconf 85' lang='lat' dir='ltr'><strong>Jacobi</strong></span> <span class='ocrx_word' id='word_1_66' title='bbox 1410 2224 1510 2318; x_wconf 76' lang='lat' dir='ltr'><strong>Lyon</strong></span> <span class='ocrx_word' id='word_1_67' title='bbox 1536 2230 1698 2300; x_wconf 81' lang='lat' dir='ltr'><strong>canonici</strong></span> <span class='ocrx_word' id='word_1_68' title='bbox 1721 2231 1839 2302; x_wconf 85' lang='lat' dir='ltr'><strong>Aber-</strong></span> 
     </span>
     <span class='ocr_line' id='line_1_13' title="bbox 502 2335 1837 2432; baseline -0.001 -16"><span class='ocrx_word' id='word_1_69' title='bbox 502 2338 667 2416; x_wconf 80' lang='lat' dir='ltr'><strong>donensis</strong></span> <span class='ocrx_word' id='word_1_70' title='bbox 684 2352 723 2416; x_wconf 88' lang='lat' dir='ltr'><strong>et</strong></span> <span class='ocrx_word' id='word_1_71' title='bbox 741 2335 1011 2414; x_wconf 84' lang='lat' dir='ltr'><strong>Dunkeldenfis</strong></span> <span class='ocrx_word' id='word_1_72' title='bbox 1031 2340 1078 2411; x_wconf 83' lang='lat' dir='ltr'><strong>de</strong></span> <span class='ocrx_word' id='word_1_73' title='bbox 1100 2361 1171 2432; x_wconf 88' lang='lat' dir='ltr'><strong>quo</strong></span> <span class='ocrx_word' id='word_1_74' title='bbox 1197 2341 1492 2412; x_wconf 84' lang='lat' dir='ltr'><strong>commemoraaio</strong></span> <span class='ocrx_word' id='word_1_75' title='bbox 1518 2338 1563 2412; x_wconf 91' lang='lat' dir='ltr'><strong>de</strong></span> <span class='ocrx_word' id='word_1_76' title='bbox 1589 2335 1771 2414; x_wconf 84' lang='lat' dir='ltr'><strong>manfione</strong></span> <span class='ocrx_word' id='word_1_77' title='bbox 1791 2345 1837 2414; x_wconf 83' lang='lat' dir='ltr'><strong>de</strong></span> 
     </span>
     <span class='ocr_line' id='line_1_14' title="bbox 503 2449 1247 2528; baseline -0.005 -2"><span class='ocrx_word' id='word_1_78' title='bbox 503 2455 637 2528; x_wconf 83' lang='lat' dir='ltr'><strong>Forbes</strong></span> <span class='ocrx_word' id='word_1_79' title='bbox 652 2455 841 2528; x_wconf 80' lang='lat' dir='ltr'><strong>annuatim</strong></span> <span class='ocrx_word' id='word_1_80' title='bbox 859 2450 1026 2525; x_wconf 86' lang='lat' dir='ltr'><strong>leuandis</strong></span> <span class='ocrx_word' id='word_1_81' title='bbox 1041 2473 1087 2524; x_wconf 88' lang='lat' dir='ltr'><strong>·x·</strong></span> <span class='ocrx_word' id='word_1_82' title='bbox 1106 2449 1247 2523; x_wconf 90' lang='lat' dir='ltr'><strong>solidis·</strong></span> 
     </span>
    </p>
   </div>
   <div class='ocr_carea' id='block_1_5' title="bbox 500 2674 1835 3104">
    <p class='ocr_par' dir='ltr' id='par_1_5' title="bbox 500 2674 1835 3104">
     <span class='ocr_line' id='line_1_15' title="bbox 1017 2674 1316 2772; baseline 0 -26"><span class='ocrx_word' id='word_1_83' title='bbox 1017 2674 1139 2746; x_wconf 85' lang='lat' dir='ltr'><strong>Adam</strong></span> <span class='ocrx_word' id='word_1_84' title='bbox 1158 2675 1316 2772; x_wconf 80' lang='lat' dir='ltr'><strong>Pingill·</strong></span> 
     </span>
     <span class='ocr_line' id='line_1_16' title="bbox 500 2785 1835 2884; baseline 0.001 -22"><span class='ocrx_word' id='word_1_85' title='bbox 500 2789 639 2876; x_wconf 85' lang='lat' dir='ltr'><strong>Quarto</strong></span> <span class='ocrx_word' id='word_1_86' title='bbox 662 2788 750 2861; x_wconf 88' lang='lat' dir='ltr'><strong>ldus</strong></span> <span class='ocrx_word' id='word_1_87' title='bbox 782 2786 874 2881; x_wconf 86' lang='lat' dir='ltr'><strong>Julij</strong></span> <span class='ocrx_word' id='word_1_88' title='bbox 909 2786 1031 2858; x_wconf 86' lang='lat' dir='ltr'><strong>obitus</strong></span> <span class='ocrx_word' id='word_1_89' title='bbox 1064 2786 1149 2858; x_wconf 88' lang='lat' dir='ltr'><strong>Ade</strong></span> <span class='ocrx_word' id='word_1_90' title='bbox 1178 2786 1312 2884; x_wconf 71' lang='lat' dir='ltr'><strong>Pingit!</strong></span> <span class='ocrx_word' id='word_1_91' title='bbox 1341 2787 1407 2881; x_wconf 85' lang='lat' dir='ltr'><strong>xiij</strong></span> <span class='ocrx_word' id='word_1_92' title='bbox 1433 2789 1461 2860; x_wconf 76' lang='lat' dir='ltr'><strong>i.</strong></span> <span class='ocrx_word' id='word_1_93' title='bbox 1483 2790 1535 2881; x_wconf 88' lang='lat' dir='ltr'><strong>iiij</strong></span> <span class='ocrx_word' id='word_1_94' title='bbox 1562 2785 1599 2860; x_wconf 82' lang='lat' dir='ltr'><strong>d.</strong></span> <span class='ocrx_word' id='word_1_95' title='bbox 1628 2789 1674 2860; x_wconf 89' lang='lat' dir='ltr'><strong>de</strong></span> <span class='ocrx_word' id='word_1_96' title='bbox 1706 2792 1835 2864; x_wconf 73' lang='lat' dir='ltr'><strong>emilia</strong></span> 
     </span>
     <span class='ocr_line' id='line_1_17' title="bbox 500 2897 1832 2994; baseline 0.005 -24"><span class='ocrx_word' id='word_1_97' title='bbox 500 2901 589 2974; x_wconf 89' lang='lat' dir='ltr'><strong>Wid</strong></span> <span class='ocrx_word' id='word_1_98' title='bbox 604 2901 783 2974; x_wconf 83' lang='lat' dir='ltr'><strong>lobannis</strong></span> <span class='ocrx_word' id='word_1_99' title='bbox 800 2897 913 2973; x_wconf 89' lang='lat' dir='ltr'><strong>Wide</strong></span> <span class='ocrx_word' id='word_1_100' title='bbox 938 2900 1126 2972; x_wconf 76' lang='lat' dir='ltr'><strong>annuatim</strong></span> <span class='ocrx_word' id='word_1_101' title='bbox 1151 2898 1314 2972; x_wconf 88' lang='lat' dir='ltr'><strong>leuandis</strong></span> <span class='ocrx_word' id='word_1_102' title='bbox 1331 2910 1370 2971; x_wconf 91' lang='lat' dir='ltr'><strong>et</strong></span> <span class='ocrx_word' id='word_1_103' title='bbox 1388 2898 1490 2972; x_wconf 81' lang='lat' dir='ltr'><strong>litem</strong></span> <span class='ocrx_word' id='word_1_104' title='bbox 1507 2903 1701 2994; x_wconf 82' lang='lat' dir='ltr'><strong>emptionis</strong></span> <span class='ocrx_word' id='word_1_105' title='bbox 1717 2905 1832 2976; x_wconf 82' lang='lat' dir='ltr'><strong>eruite</strong></span> 
     </span>
     <span class='ocr_line' id='line_1_18' title="bbox 501 3009 1424 3104; baseline -0.004 -18"><span class='ocrx_word' id='word_1_106' title='bbox 501 3011 555 3086; x_wconf 90' lang='lat' dir='ltr'><strong>est</strong></span> <span class='ocrx_word' id='word_1_107' title='bbox 573 3016 611 3086; x_wconf 90' lang='lat' dir='ltr'><strong>in</strong></span> <span class='ocrx_word' id='word_1_108' title='bbox 628 3009 717 3086; x_wconf 85' lang='lat' dir='ltr'><strong>cista</strong></span> <span class='ocrx_word' id='word_1_109' title='bbox 734 3012 919 3085; x_wconf 83' lang='lat' dir='ltr'><strong>communi</strong></span> <span class='ocrx_word' id='word_1_110' title='bbox 932 3053 940 3072; x_wconf 91' lang='lat'><strong>·</strong></span> <span class='ocrx_word' id='word_1_111' title='bbox 954 3009 1000 3082; x_wconf 85' lang='lat' dir='ltr'><strong>da</strong></span> <span class='ocrx_word' id='word_1_112' title='bbox 1016 3033 1089 3104; x_wconf 88' lang='lat' dir='ltr'><strong>quo</strong></span> <span class='ocrx_word' id='word_1_113' title='bbox 1104 3013 1424 3084; x_wconf 83' lang='lat' dir='ltr'><strong>eommemoracio·</strong></span> 
     </span>
    </p>
   </div>
   <div class='ocr_carea' id='block_1_6' title="bbox 494 3231 1829 3871">
    <p class='ocr_par' dir='ltr' id='par_1_6' title="bbox 494 3231 1829 3871">
     <span class='ocr_line' id='line_1_19' title="bbox 963 3231 1369 3308; baseline 0.005 -5"><span class='ocrx_word' id='word_1_114' title='bbox 963 3231 1174 3308; x_wconf 89' lang='lat' dir='ltr'><strong>Willelmus</strong></span> <span class='ocrx_word' id='word_1_115' title='bbox 1192 3234 1369 3306; x_wconf 83' lang='lat' dir='ltr'><strong>Modera·</strong></span> 
     </span>
     <span class='ocr_line' id='line_1_20' title="bbox 499 3345 1829 3442; baseline 0.002 -20"><span class='ocrx_word' id='word_1_116' title='bbox 499 3349 702 3422; x_wconf 87' lang='lat' dir='ltr'><strong>Vndecimo</strong></span> <span class='ocrx_word' id='word_1_117' title='bbox 727 3346 902 3419; x_wconf 85' lang='lat' dir='ltr'><strong>kalendas</strong></span> <span class='ocrx_word' id='word_1_118' title='bbox 919 3345 1076 3442; x_wconf 79' lang='lat' dir='ltr'><strong>Augusti</strong></span> <span class='ocrx_word' id='word_1_119' title='bbox 1100 3348 1221 3420; x_wconf 89' lang='lat' dir='ltr'><strong>obitus</strong></span> <span class='ocrx_word' id='word_1_120' title='bbox 1247 3347 1383 3418; x_wconf 88' lang='lat' dir='ltr'><strong>domini</strong></span> <span class='ocrx_word' id='word_1_121' title='bbox 1403 3345 1580 3421; x_wconf 87' lang='lat' dir='ltr'><strong>Willelmi</strong></span> <span class='ocrx_word' id='word_1_122' title='bbox 1600 3348 1753 3423; x_wconf 83' lang='lat' dir='ltr'><strong>Modera</strong></span> <span class='ocrx_word' id='word_1_123' title='bbox 1784 3357 1829 3424; x_wconf 84' lang='lat' dir='ltr'><strong>de</strong></span> 
     </span>
     <span class='ocr_line' id='line_1_21' title="bbox 495 3455 1829 3558; baseline 0.004 -24"><span class='ocrx_word' id='word_1_124' title='bbox 495 3485 566 3556; x_wconf 85' lang='lat' dir='ltr'><strong>quo</strong></span> <span class='ocrx_word' id='word_1_125' title='bbox 591 3459 890 3534; x_wconf 78' lang='lat' dir='ltr'><strong>commemoracio</strong></span> <span class='ocrx_word' id='word_1_126' title='bbox 907 3457 1077 3531; x_wconf 85' lang='lat' dir='ltr'><strong>videlieet</strong></span> <span class='ocrx_word' id='word_1_127' title='bbox 1101 3460 1146 3531; x_wconf 87' lang='lat' dir='ltr'><strong>de</strong></span> <span class='ocrx_word' id='word_1_128' title='bbox 1170 3461 1204 3554; x_wconf 74' lang='lat' dir='ltr'><strong>vj</strong></span> <span class='ocrx_word' id='word_1_129' title='bbox 1232 3461 1261 3532; x_wconf 76' lang='grc' dir='ltr'><strong>ἓ.</strong></span> <span class='ocrx_word' id='word_1_130' title='bbox 1280 3459 1341 3551; x_wconf 72' lang='lat' dir='ltr'><strong>aiij</strong></span> <span class='ocrx_word' id='word_1_131' title='bbox 1364 3455 1402 3530; x_wconf 84' lang='lat' dir='ltr'><strong>d.</strong></span> <span class='ocrx_word' id='word_1_132' title='bbox 1428 3459 1472 3532; x_wconf 90' lang='lat' dir='ltr'><strong>de</strong></span> <span class='ocrx_word' id='word_1_133' title='bbox 1496 3459 1605 3533; x_wconf 87' lang='lat' dir='ltr'><strong>domo</strong></span> <span class='ocrx_word' id='word_1_134' title='bbox 1630 3465 1829 3558; x_wconf 80' lang='lat' dir='ltr'><strong>capellanie</strong></span> 
     </span>
     <span class='ocr_line' id='line_1_22' title="bbox 495 3569 1829 3670; baseline 0.001 -23"><span class='ocrx_word' id='word_1_135' title='bbox 495 3571 679 3670; x_wconf 82' lang='lat' dir='ltr'><strong>hospitalis</strong></span> <span class='ocrx_word' id='word_1_136' title='bbox 701 3569 812 3645; x_wconf 72' lang='lat' dir='ltr'><strong>sandi</strong></span> <span class='ocrx_word' id='word_1_137' title='bbox 831 3570 932 3643; x_wconf 84' lang='lat' dir='ltr'><strong>Petri</strong></span> <span class='ocrx_word' id='word_1_138' title='bbox 950 3570 1101 3644; x_wconf 79' lang='lat' dir='ltr'><strong>fundata</strong></span> <span class='ocrx_word' id='word_1_139' title='bbox 1126 3595 1191 3667; x_wconf 83' lang='lat' dir='ltr'><strong>per</strong></span> <span class='ocrx_word' id='word_1_140' title='bbox 1217 3572 1404 3643; x_wconf 89' lang='lat' dir='ltr'><strong>dominum</strong></span> <span class='ocrx_word' id='word_1_141' title='bbox 1423 3569 1623 3646; x_wconf 84' lang='lat' dir='ltr'><strong>Henrieum</strong></span> <span class='ocrx_word' id='word_1_142' title='bbox 1640 3571 1829 3668; x_wconf 75' lang='lat' dir='ltr'><strong>Lyclitone</strong></span> 
     </span>
     <span class='ocr_line' id='line_1_23' title="bbox 494 3680 1829 3783; baseline 0.001 -23"><span class='ocrx_word' id='word_1_143' title='bbox 494 3683 698 3783; x_wconf 80' lang='lat' dir='ltr'><strong>episcopum</strong></span> <span class='ocrx_word' id='word_1_144' title='bbox 715 3680 1012 3757; x_wconf 83' lang='lat' dir='ltr'><strong>Aberdonansem</strong></span> <span class='ocrx_word' id='word_1_145' title='bbox 1031 3693 1069 3754; x_wconf 87' lang='lat' dir='ltr'><strong>et</strong></span> <span class='ocrx_word' id='word_1_146' title='bbox 1093 3685 1259 3758; x_wconf 83' lang='lat' dir='ltr'><strong>edificata</strong></span> <span class='ocrx_word' id='word_1_147' title='bbox 1285 3705 1350 3777; x_wconf 87' lang='lat' dir='ltr'><strong>per</strong></span> <span class='ocrx_word' id='word_1_148' title='bbox 1369 3681 1503 3754; x_wconf 66' lang='lat' dir='ltr'><strong>ditium</strong></span> <span class='ocrx_word' id='word_1_149' title='bbox 1528 3683 1714 3758; x_wconf 86' lang='lat' dir='ltr'><strong>dominum</strong></span> <span class='ocrx_word' id='word_1_150' title='bbox 1735 3687 1829 3761; x_wconf 82' lang='lat' dir='ltr'><strong>Wil-</strong></span> 
     </span>
     <span class='ocr_line' id='line_1_24' title="bbox 494 3797 666 3871; baseline -0.012 0"><span class='ocrx_word' id='word_1_151' title='bbox 494 3797 666 3871; x_wconf 88' lang='lat' dir='ltr'><strong>lelmum·</strong></span> 
     </span>
    </p>
   </div>
   <div class='ocr_carea' id='block_1_7' title="bbox 490 4013 1824 4680">
    <p class='ocr_par' dir='ltr' id='par_1_7' title="bbox 490 4013 1824 4680">
     <span class='ocr_line' id='line_1_25' title="bbox 809 4013 1507 4092; baseline -0.001 -3"><span class='ocrx_word' id='word_1_152' title='bbox 809 4017 1011 4092; x_wconf 82' lang='lat' dir='ltr'><strong>Alexandri</strong></span> <span class='ocrx_word' id='word_1_153' title='bbox 1029 4017 1166 4092; x_wconf 79' lang='lat' dir='ltr'><strong>Stuart</strong></span> <span class='ocrx_word' id='word_1_154' title='bbox 1183 4039 1305 4092; x_wconf 83' lang='lat' dir='ltr'><strong>comes</strong></span> <span class='ocrx_word' id='word_1_155' title='bbox 1321 4016 1368 4090; x_wconf 84' lang='lat' dir='ltr'><strong>de</strong></span> <span class='ocrx_word' id='word_1_156' title='bbox 1385 4013 1507 4089; x_wconf 75' lang='lat' dir='ltr'><strong>llam·</strong></span> 
     </span>
     <span class='ocr_line' id='line_1_26' title="bbox 492 4119 1822 4231; baseline -0.002 -21"><span class='ocrx_word' id='word_1_157' title='bbox 492 4135 657 4231; x_wconf 83' lang='lat' dir='ltr'><strong>Septimo</strong></span> <span class='ocrx_word' id='word_1_158' title='bbox 681 4129 858 4204; x_wconf 79' lang='lat' dir='ltr'><strong>kalendas</strong></span> <span class='ocrx_word' id='word_1_159' title='bbox 882 4126 1041 4226; x_wconf 78' lang='lat' dir='ltr'><strong>Augusti</strong></span> <span class='ocrx_word' id='word_1_160' title='bbox 1068 4131 1190 4204; x_wconf 88' lang='lat' dir='ltr'><strong>obitus</strong></span> <span class='ocrx_word' id='word_1_161' title='bbox 1215 4119 1396 4225; x_wconf 58' lang='lat' dir='ltr'><strong>mafinifici</strong></span> <span class='ocrx_word' id='word_1_162' title='bbox 1426 4151 1466 4202; x_wconf 81' lang='lat' dir='ltr'><strong>aa</strong></span> <span class='ocrx_word' id='word_1_163' title='bbox 1496 4134 1659 4226; x_wconf 85' lang='lat' dir='ltr'><strong>potentis</strong></span> <span class='ocrx_word' id='word_1_164' title='bbox 1685 4134 1822 4208; x_wconf 87' lang='lat' dir='ltr'><strong>domini</strong></span> 
     </span>
     <span class='ocr_line' id='line_1_27' title="bbox 491 4237 1822 4338; baseline -0.002 -15"><span class='ocrx_word' id='word_1_165' title='bbox 491 4247 627 4323; x_wconf 88' lang='lat' dir='ltr'><strong>domini</strong></span> <span class='ocrx_word' id='word_1_166' title='bbox 647 4240 852 4316; x_wconf 85' lang='lat' dir='ltr'><strong>Alexandri</strong></span> <span class='ocrx_word' id='word_1_167' title='bbox 880 4237 1019 4314; x_wconf 76' lang='lat' dir='ltr'><strong>Stmt</strong></span> <span class='ocrx_word' id='word_1_168' title='bbox 1042 4243 1186 4316; x_wconf 79' lang='lat' dir='ltr'><strong>comitis</strong></span> <span class='ocrx_word' id='word_1_169' title='bbox 1211 4240 1257 4312; x_wconf 86' lang='lat' dir='ltr'><strong>de</strong></span> <span class='ocrx_word' id='word_1_170' title='bbox 1281 4237 1386 4312; x_wconf 81' lang='lat' dir='ltr'><strong>Mam</strong></span> <span class='ocrx_word' id='word_1_171' title='bbox 1410 4251 1448 4314; x_wconf 87' lang='lat' dir='ltr'><strong>et</strong></span> <span class='ocrx_word' id='word_1_172' title='bbox 1473 4241 1519 4316; x_wconf 93' lang='lat' dir='ltr'><strong>de</strong></span> <span class='ocrx_word' id='word_1_173' title='bbox 1549 4242 1747 4338; x_wconf 69' lang='lat' dir='ltr'><strong>Garwyach</strong></span> <span class='ocrx_word' id='word_1_174' title='bbox 1778 4271 1822 4320; x_wconf 80' lang='lat' dir='ltr'><strong>ae</strong></span> 
     </span>
     <span class='ocr_line' id='line_1_28' title="bbox 493 4349 1823 4454; baseline -0.003 -21"><span class='ocrx_word' id='word_1_175' title='bbox 493 4361 612 4433; x_wconf 84' lang='lat' dir='ltr'><strong>locum</strong></span> <span class='ocrx_word' id='word_1_176' title='bbox 628 4355 789 4430; x_wconf 87' lang='lat' dir='ltr'><strong>tenentis</strong></span> <span class='ocrx_word' id='word_1_177' title='bbox 809 4351 946 4424; x_wconf 89' lang='lat' dir='ltr'><strong>domini</strong></span> <span class='ocrx_word' id='word_1_178' title='bbox 968 4355 1063 4450; x_wconf 77' lang='lat' dir='ltr'><strong>regis</strong></span> <span class='ocrx_word' id='word_1_179' title='bbox 1079 4352 1271 4427; x_wconf 69' lang='lat' dir='ltr'><strong>&amp;uturum</strong></span> <span class='ocrx_word' id='word_1_180' title='bbox 1289 4349 1336 4424; x_wconf 83' lang='lat' dir='ltr'><strong>ds</strong></span> <span class='ocrx_word' id='word_1_181' title='bbox 1351 4373 1423 4444; x_wconf 86' lang='lat' dir='ltr'><strong>quo</strong></span> <span class='ocrx_word' id='word_1_182' title='bbox 1442 4359 1738 4428; x_wconf 82' lang='lat' dir='ltr'><strong>nommemoraeio</strong></span> <span class='ocrx_word' id='word_1_183' title='bbox 1761 4361 1823 4454; x_wconf 84' lang='lat' dir='ltr'><strong>viij</strong></span> 
     </span>
     <span class='ocr_line' id='line_1_29' title="bbox 490 4457 1824 4564; baseline -0.003 -18"><span class='ocrx_word' id='word_1_184' title='bbox 490 4475 520 4546; x_wconf 79' lang='lat' dir='ltr'><strong>i.</strong></span> <span class='ocrx_word' id='word_1_185' title='bbox 547 4471 592 4544; x_wconf 85' lang='lat' dir='ltr'><strong>de</strong></span> <span class='ocrx_word' id='word_1_186' title='bbox 615 4469 651 4542; x_wconf 85' lang='lat' dir='ltr'><strong>le</strong></span> <span class='ocrx_word' id='word_1_187' title='bbox 672 4461 876 4540; x_wconf 80' lang='lat' dir='ltr'><strong>nowlandis</strong></span> <span class='ocrx_word' id='word_1_188' title='bbox 903 4457 1028 4560; x_wconf 74' lang='lat' dir='ltr'><strong>positis</strong></span> <span class='ocrx_word' id='word_1_189' title='bbox 1053 4467 1098 4539; x_wconf 84' lang='lat' dir='ltr'><strong>ad</strong></span> <span class='ocrx_word' id='word_1_190' title='bbox 1124 4466 1262 4538; x_wconf 84' lang='lat' dir='ltr'><strong>firmam</strong></span> <span class='ocrx_word' id='word_1_191' title='bbox 1287 4461 1477 4538; x_wconf 84' lang='lat' dir='ltr'><strong>heredibus</strong></span> <span class='ocrx_word' id='word_1_192' title='bbox 1500 4463 1734 4561; x_wconf 78' lang='lat' dir='ltr'><strong>Kymbysone</strong></span> <span class='ocrx_word' id='word_1_193' title='bbox 1759 4493 1824 4564; x_wconf 84' lang='lat' dir='ltr'><strong>per</strong></span> 
     </span>
     <span class='ocr_line' id='line_1_30' title="bbox 490 4570 1357 4680; baseline -0.01 -26"><span class='ocrx_word' id='word_1_194' title='bbox 490 4575 695 4680; x_wconf 75' lang='lat' dir='ltr'><strong>magistrum</strong></span> <span class='ocrx_word' id='word_1_195' title='bbox 712 4577 876 4652; x_wconf 84' lang='lat' dir='ltr'><strong>Alanum</strong></span> <span class='ocrx_word' id='word_1_196' title='bbox 894 4573 1041 4650; x_wconf 75' lang='lat' dir='ltr'><strong>Fwthes</strong></span> <span class='ocrx_word' id='word_1_197' title='bbox 1057 4573 1119 4650; x_wconf 86' lang='lat' dir='ltr'><strong>suo</strong></span> <span class='ocrx_word' id='word_1_198' title='bbox 1137 4570 1333 4669; x_wconf 83' lang='lat' dir='ltr'><strong>conquestu</strong></span> <span class='ocrx_word' id='word_1_199' title='bbox 1348 4615 1357 4632; x_wconf 89' lang='lat'><strong>·</strong></span> 
     </span>
    </p>
   </div>
   <div class='ocr_carea' id='block_1_8' title="bbox 0 0 2286 5968">
    <p class='ocr_par' dir='ltr' id='par_1_8' title="bbox 0 0 2286 5968">
     <span class='ocr_line' id='line_1_31' title="bbox 0 0 2286 5968; baseline 0 5"><span class='ocrx_word' id='word_1_200' title='bbox 0 0 2286 5968; x_wconf 95' lang='lat' dir='ltr'><strong> </strong></span> 
     </span>
    </p>
   </div>
  </div>
 </body>
</html>
