4526 5954
477 707 578 802 xva]
947 707 1357 782 nannoounusn.
1753 718 1823 784 aaa

477 917 610 977 terram
624 903 805 980 Willelmi
819 910 939 1005 Gryno
950 934 997 982 ox
1008 861 1112 1002 parte
1125 904 1271 981 australi
1284 917 1323 978 et
1340 905 1506 976 orientali
1521 915 1558 976 et
1575 907 1669 976 viam
1685 909 1819 1000 regiam

477 1014 599 1090 versus
620 1020 815 1094 occidens·
833 1024 937 1095 etde
959 1045 1031 1094 vna
1048 1021 1166 1093 crofta
1182 1019 1267 1090 diui
1286 1016 1465 1087 Willelmi
1485 1019 1626 1089 iacente
1644 1017 1688 1088 ad
1708 1019 1818 1089 finem

476 1131 544 1202 vicl
576 1131 757 1205 furcarum
788 1135 886 1207 inter
910 1135 1063 1206 croftam
1094 1129 1277 1223 quondam
1305 1126 1507 1200 Alexandri
1539 1125 1742 1223 Howysoue
1773 1153 1817 1200 ex

476 1252 578 1336 parte
594 1245 722 1319 boriali
740 1256 779 1318 et
793 1247 882 1318 duas
895 1245 1098 1338 viasregias
1109 1237 1231 1311 versus
1248 1240 1369 1312 oriens
1387 1251 1424 1311 et
1443 1239 1600 1313 austrum
1619 1281 1627 1297 ·

523 1467 706 1543 Vioelimo
724 1471 852 1563 quinto
870 1469 929 1538 die
945 1466 970 1536 J
973 1466 1048 1556 unij
1068 1466 1106 1534 in
1125 1461 1215 1534 festo
1231 1457 1341 1534 sanai
1360 1462 1497 1536 Molooi
1515 1465 1578 1536 fiat
1592 1460 1740 1559 lingulis
1753 1487 1816 1534 an-

472 1585 529 1654 nio
541 1582 837 1656 commemoratio
850 1601 915 1671 pro
933 1576 1065 1669 quibus
1079 1571 1251 1672 magister
1264 1573 1464 1649 Duncanuo
1481 1575 1633 1648 Scherar
1644 1578 1759 1648 reelor
1772 1577 1817 1647 do

472 1693 827 1767 clatoraretenetur
843 1691 962 1762 eterit
980 1684 1176 1782 solempnis
1189 1683 1290 1760 milla
1308 1690 1345 1759 in
1363 1711 1460 1760 nouo
1477 1688 1628 1785 collegio
1647 1685 1818 1760 vniuerli-
1898 1770 1907 1782 .

471 1810 557 1879 tatio
575 1804 745 1877 videlicet
762 1797 873 1872 unni
891 1799 1030 1872 Molooi
1050 1799 1095 1871 do
1118 1809 1207 1872 nota
1233 1801 1278 1873 od
1305 1823 1477 1895 magnum
1500 1800 1613 1874 altore
1637 1825 1718 1874 oum
1738 1801 1817 1896 olijs

470 1917 619 2010 priuatis
644 1907 755 1984 miffis
772 1911 924 1983 aliorum
952 1911 1182 1983 dominorum
1209 1907 1459 2008 magistrorum
1486 1923 1525 1984 et
1550 1912 1815 2006 capellanorum

468 2029 701 2100 fundatorum
727 2034 767 2096 ot
795 2023 1062 2096 fundandorum
1091 2024 1179 2096 dnm
1211 2025 1346 2096 vixerit
1375 2064 1384 2080 ·
1416 2020 1501 2095 Post
1529 2025 1629 2097 ouius
1660 2038 1815 2097 mortem

467 2135 749 2212 anniuersarium
776 2133 961 2229 solempne
985 2136 1045 2208 die
1072 2136 1196 2209 obitus
1217 2133 1270 2209 sui
1295 2148 1471 2230 perpetuo
1488 2138 1692 2210 celebretur
1708 2149 1815 2231 prout

466 2252 574 2322 moris
605 2243 657 2319 est
682 2270 746 2340 pro
776 2248 856 2341 alijs
888 2250 1071 2321 canonicis
1101 2251 1140 2320 in
1170 2250 1266 2321 diuo
1300 2248 1490 2344 collegio·
1519 2274 1583 2344 pro
1613 2274 1683 2342 quo
1714 2251 1816 2322 dedit

468 2360 573 2434 dietis
590 2355 768 2455 magistris
787 2361 944 2432 dominis
954 2360 1177 2455 cappellanis
1195 2371 1234 2433 et
1252 2363 1373 2455 pneris
1391 2363 1549 2435 fundatis
1567 2375 1603 2433 et
1622 2363 1815 2434 fundandis

467 2475 505 2545 in
531 2471 627 2545 diuo
653 2495 749 2544 nouo
776 2471 930 2568 collegio
957 2468 1204 2545 uniuersitatis
1230 2469 1491 2546 Abirdonenllo
1516 2497 1625 2545 vnum
1652 2498 1813 2546 annuum

467 2585 649 2656 redditum
685 2607 736 2654 rx
767 2586 797 2657 ἔ.
832 2585 1022 2656 annuatim
1061 2584 1259 2656 leuandum
1304 2584 1349 2656 de
1384 2594 1480 2657 terra
1519 2585 1697 2658 lleolrardi
1734 2585 1813 2656 llill

467 2699 608 2768 iacente
626 2697 662 2766 in
682 2696 797 2791 burgo
815 2691 1059 2768 Abirdonensr
1079 2699 1114 2767 in
1143 2699 1224 2770 vico
1250 2697 1433 2768 furcarum
1455 2722 1500 2769 ex
1519 2699 1683 2769 orientali
1711 2712 1813 2792 parte

466 2805 623 2881 eiusdem
641 2809 711 2880 vici
729 2809 828 2881 inter
844 2819 978 2882 terram
996 2807 1177 2882 Johannis
1194 2806 1377 2883 collisone
1394 2832 1440 2882 ex
1460 2807 1604 2882 australi
1623 2821 1661 2882 et
1679 2822 1812 2884 terrain

466 2921 645 3015 quondam
665 2918 835 2993 Duncani
848 2920 1029 2994 Lundoris
1043 2945 1089 2992 ex
1108 2920 1236 2994 boriali
1254 2930 1363 3014 prout
1380 2923 1417 2993 in
1444 2923 1574 2994 litteris
1592 2923 1812 2995 fundationis

465 3033 550 3104 diui
562 3027 720 3129 magistri
739 3031 908 3106 Dunconi
927 3031 1072 3127 planius
1089 3036 1328 3107 continetur·
