4564 5968
452 803 554 897 xva]
924 797 1330 873 ABERDONENSE.
1735 801 1802 870 193

453 1005 580 1074 eadem
615 1003 691 1074 tela
718 1005 763 1075 ad
792 1005 958 1076 decorem
999 1005 1126 1074 domus
1165 1001 1222 1071 dei
1268 997 1324 1067 sed
1360 991 1449 1063 defit
1478 993 1557 1064 alba
1585 994 1801 1085 cruciferarij

451 1115 559 1209 culpa
574 1111 717 1188 sacriste
731 1157 739 1174 ·

503 1227 599 1300 Item
618 1241 773 1322 quatuor
790 1253 904 1324 cappe
930 1251 1014 1302 cum
1032 1223 1152 1298 casula
1169 1223 1293 1292 tunica
1318 1228 1357 1288 et
1383 1218 1575 1288 dalmatica
1601 1241 1683 1288 eum
1702 1213 1801 1286 stolis

452 1340 645 1435 manipulis
656 1341 747 1414 albis
758 1344 897 1415 amittis
909 1353 947 1412 et
957 1335 1179 1434 paramentis
1190 1330 1491 1402 conuenientibus
1503 1352 1548 1398 ex
1561 1325 1801 1424 liolo[se]riea

453 1451 553 1526 lutea
582 1452 643 1525 seu
670 1454 838 1526 landrina
863 1476 946 1523 eum
973 1447 1124 1518 fimbriis
1150 1444 1268 1514 aureis
1296 1436 1588 1512 honorentiffimo
1619 1441 1800 1512 decoratis

451 1588 535 1636 oum
553 1568 661 1638 armis
679 1564 767 1636 dieti
786 1562 969 1656 pontificis
987 1558 1032 1630 ad
1050 1557 1218 1627 decorem
1237 1553 1366 1624 domus
1384 1553 1464 1624 dei·

501 1676 599 1750 Item
625 1687 781 1769 quatuor
806 1695 920 1765 cappe
946 1669 1006 1740 seu
1033 1667 1129 1761 pallo
1156 1666 1241 1738 eum
1266 1662 1385 1737 casula
1403 1668 1525 1736 tunica
1543 1677 1582 1735 et
1606 1663 1801 1735 dalmatica

452 1813 536 1861 eum
554 1786 715 1861 eiusdem
734 1783 835 1855 stolis
854 1780 1049 1875 manipulis
1072 1779 1164 1850 albis
1191 1780 1329 1848 amittis
1348 1789 1386 1848 et
1405 1779 1624 1871 paramentis
1648 1799 1694 1847 ex
1717 1771 1803 1845 bisso

452 1899 578 1973 villosa
604 1898 710 1970 viridi
736 1897 781 1967 ad
808 1891 1012 1988 huinsnmdi
1040 1892 1206 1963 decorem
1233 1889 1361 1961 donans
1389 1891 1446 1960 dei
1471 1913 1554 1961 enm
1582 1889 1691 1960 annis
1715 1888 1799 1958 dieti

452 2013 654 2105 pontificis·

503 2121 655 2214 Insuper
672 2127 827 2209 quatuor
845 2138 958 2208 cappe
977 2114 1037 2187 seu
1055 2115 1151 2210 pallo
1170 2140 1252 2188 eum
1271 2111 1391 2187 catula
1409 2117 1533 2187 tunica
1550 2127 1588 2186 et
1607 2115 1801 2186 dalmatica

452 2257 536 2306 eum
563 2229 711 2324 lingulis
738 2227 936 2297 eorundem
968 2229 1190 2319 paramentis
1217 2227 1308 2299 albis
1334 2229 1471 2298 amittis
1498 2225 1598 2298 stolis
1624 2239 1662 2299 et
1689 2227 1801 2297 mani·

453 2344 547 2440 pulis
560 2343 606 2414 ad
618 2342 784 2412 decorem
802 2339 931 2409 ‹loiaus
944 2341 999 2410 dei
1017 2363 1061 2410 ex
1077 2338 1164 2409 biti'o
1182 2337 1305 2411 villosa
1322 2338 1455 2410 cerulei
1470 2351 1534 2410 aut
1552 2334 1632 2430 resrj
1652 2339 1802 2410 eoloris·

503 2456 599 2526 Item
619 2455 688 2524 tria
706 2451 840 2521 vexilla
854 2448 1003 2522 honesta
1017 2451 1212 2522 deferenda
1231 2474 1312 2521 enin
1328 2451 1464 2522 baculis
1482 2449 1613 2521 eisdem
1631 2453 1804 2521 conueni-

452 2568 599 2638 entibus
613 2588 731 2636 eoram
745 2559 963 2657 processione
976 2562 1103 2632 diebus
1115 2563 1321 2633 tolennibus
1335 2587 1381 2633 ex
1394 2562 1467 2633 tela
1479 2560 1731 2635 damrnasoena
1741 2561 1801 2634 sen

458 2679 615 2773 palmata
633 2678 765 2748 mbea·

502 2789 599 2862 Item
627 2791 699 2858 elno
719 2787 834 2858 berilli
862 2809 945 2857 eum
973 2785 1180 2856 custodibus
1200 2809 1263 2878 pro
1289 2785 1560 2857 eonleruatione
1588 2789 1803 2860 venerabilis

456 2901 669 2975 sacramenti
688 2923 751 2994 pro
770 2895 1008 2970 monstrantia
1025 2902 1181 2970 maiore·

507 3012 601 3084 Item
621 3007 858 3082 monstrantia
876 3011 995 3104 lignea
1011 3008 1158 3081 honeste
1170 3013 1338 3082 ‹leeoratn
1356 3025 1393 3082 ot
1411 3009 1554 3104 ‹lepista
1566 3036 1648 3083 eum
1666 3013 1804 3104 angelis

456 3138 494 3196 et
519 3123 745 3196 eornielabris
772 3147 835 3216 pro
862 3122 1023 3194 custodia
1050 3125 1194 3194 maioris
1221 3121 1460 3194 rnonssrancie
1486 3137 1649 3218 tempore
1667 3141 1705 3195 et
1726 3126 1804 3195 loeo

452 3239 640 3330 oportunis
655 3277 664 3292 ·

494 3349 585 3421 Item
602 3351 671 3418 tria
684 3347 822 3418 tinini-ia
834 3372 880 3419 ex
894 3348 968 3418 tela
983 3345 1094 3418 l'erieo
1106 3345 1166 3416 sen
1180 3344 1404 3439 trantpareas
1416 3347 1593 3417 lintheum
1609 3349 1803 3419 deferenda

454 3463 560 3555 super
578 3460 777 3532 vern-rabili
796 3461 1020 3530 sacramento
1038 3470 1076 3529 et
1094 3457 1273 3550 literiiieijo
1292 3455 1391 3528 nriss'e
1408 3482 1491 3528 enm
1518 3462 1713 3551 exequitur
1731 3463 1806 3530 ‹ni-

453 3578 549 3646 eium
573 3574 740 3643 ‹lorrainns
759 3573 946 3664 episeopus
972 3587 1035 3642 ant
1063 3572 1221 3642 decanus
1240 3567 1300 3640 i'eu
1319 3568 1381 3640 sua
1407 3569 1485 3640 loeo
1510 3584 1679 3642 tenentes
1701 3572 1807 3664 i'nper

456 3687 629 3759 t'aeriiiem
646 3685 840 3755 deterentia
860 3709 925 3776 per
942 3681 1121 3754 ministros
1139 3684 1282 3754 aitaris·

511 3797 603 3868 Item
623 3799 695 3868 dno
715 3797 832 3867 baeuli
853 3819 917 3889 pro
935 3796 1142 3866 (autoribus
1160 3796 1259 3866 elrori
1278 3819 1322 3864 ex
1343 3794 1441 3888 ligno
1459 3795 1613 3886 depini·

507 3909 601 3980 Item
623 3908 815 3979 leabessum
839 3931 972 3978 notunn
990 3905 1050 3976 seu
1069 3905 1305 3976 ialclistoriutn
1325 3929 1389 4000 pro
1410 3909 1581 4000 pontifice
1599 3931 1680 3979 curn
1702 3908 1803 3980 suum

457 4022 653 4114 exequitur
669 4022 826 4091 ottieium
846 4023 990 4112 egregae
1008 4021 1239 4090 neemanim·

508 4131 604 4204 Item
624 4129 882 4224 perestromata
901 4132 1027 4201 linntni
1048 4131 1171 4202 aitaris
1189 4132 1350 4225 bipertiti
1375 4130 1503 4203 eoloris
1521 4155 1566 4202 ex
1586 4131 1634 4202 iie
1653 4130 1772 4228 sarge·

506 4244 603 4316 Item
623 4267 734 4313 tantm
762 4258 925 4337 tapetum
955 4267 1125 4338 magnum
1152 4267 1223 4336 quo
1251 4247 1499 4336 pauimentum
1522 4257 1609 4315 ante
1627 4244 1806 4317 sunnnum

461 4355 577 4429 altore
594 4352 767 4426 sternitur
786 4355 846 4426 sen
865 4355 972 4426 venis
992 4355 1147 4450 stragula
1165 4357 1250 4428 dum
1265 4355 1427 4426 tolennia
1441 4356 1476 4426 in
1496 4353 1592 4427 sestis
1610 4367 1790 4450 aguntur·

508 4467 605 4539 Item
624 4479 780 4559 quatuor
807 4490 937 4560 trragna
955 4468 1147 4540 eerniealia
1165 4490 1273 4560 opere
1297 4467 1490 4538 teabeliino
1510 4490 1592 4537 eum
1621 4467 1808 4562 ‹luplitura

461 4581 570 4674 perun
584 4579 764 4673 anglicani
781 4580 882 4650 rubei
897 4580 1119 4651 antoniacum
1136 4581 1243 4651 annis
1257 4589 1294 4652 et
1309 4575 1469 4674 insignijs
1481 4575 1637 4651 eiusdem
1650 4579 1807 4676 episcopi

460 4694 504 4765 ael
524 4690 622 4764 vsnrn
642 4687 793 4763 ecclesie
811 4689 1009 4762 destinata·

512 4826 593 4878 vou-
614 4824 654 4876 n.
1111 4813 1175 4876 ‘lu
