4564 5968
465 689 535 762 19⁰
987 678 1293 755 REGISTRUM
1653 678 1804 774 [sucum

465 882 621 956 casulam
641 907 747 957 viram
764 883 978 957 tunicellam
996 891 1035 953 et
1052 878 1282 952 dalmaticam
1300 901 1382 951 cum
1399 879 1603 971 quindecim
1620 897 1806 972 paramen-

466 997 513 1068 tis
531 997 671 1070 duobus
688 997 915 1092 antependijs
933 1003 1020 1067 ante
1038 1000 1077 1062 et
1094 999 1190 1061 retro
1207 1013 1271 1082 pro
1288 989 1424 1061 summo
1447 988 1551 1061 altari
1569 987 1806 1084 longitudinis

466 1105 625 1180 eiusdem
643 1109 704 1182 sed
722 1131 804 1182 cum
821 1103 921 1180 slolis
938 1101 1134 1199 manipulis
1151 1101 1241 1174 albis
1258 1112 1297 1174 et
1313 1101 1449 1174 amidis
1465 1123 1581 1194 nuper
1597 1099 1729 1171 additis
1746 1139 1754 1154 ·

516 1219 633 1293 Sexto
647 1222 718 1293 due
731 1243 844 1315 cappe
858 1219 920 1292 seu
937 1217 1035 1313 palle
1046 1239 1094 1289 ex
1105 1211 1192 1288 bisso
1206 1212 1330 1286 villosa
1346 1213 1447 1284 viridi
1462 1211 1658 1306 plurimum
1675 1205 1805 1280 vfitate

466 1355 530 1425 pro
555 1332 763 1404 cantoribus
780 1332 880 1404 chori
897 1333 937 1402 in
963 1329 1154 1402 dominicis
1171 1335 1210 1399 et
1228 1323 1327 1399 festis
1351 1320 1569 1419 simplicibus
1586 1323 1631 1394 ab
1656 1322 1805 1412 antiquo

466 1439 654 1514 concesse·

516 1553 681 1646 Septimo
692 1552 762 1624 alie
773 1554 845 1624 due
856 1575 971 1646 cappe
981 1549 1043 1622 seu
1056 1551 1153 1645 pallc
1163 1573 1208 1622 ex
1220 1545 1318 1621 osted
1337 1547 1459 1640 cerulij
1474 1547 1603 1620 coloris
1620 1567 1685 1638 pro
1703 1543 1805 1614 dictis

466 1663 673 1738 cantoribus
698 1663 796 1734 chori
823 1674 862 1736 et
887 1660 1038 1734 seruicio
1065 1663 1274 1754 quotidiano
1300 1662 1503 1756 mancipate
1531 1659 1625 1729 dono
1655 1652 1803 1749 capituli

467 1767 759 1848 Aberdonensis'·

516 1885 613 1956 Item
632 1907 702 1955 vna
714 1883 853 1976 capella
869 1905 933 1976 pro
951 1882 1101 1954 seruicio
1114 1883 1363 1956 detractorum
1376 1907 1420 1956 ex
1435 1883 1482 1954 lie
1495 1878 1595 1956 ostad
1608 1903 1692 1954 cum
1707 1874 1806 1949 stolis

466 1995 658 2089 manipulis
675 2003 713 2065 et
730 1995 950 2088 paramentis
967 2015 1052 2065 cum
1077 1992 1193 2064 tribus
1210 1993 1301 2066 albis
1318 2005 1357 2066 et
1381 1996 1518 2067 amittis
1535 1996 1630 2066 dono
1655 1988 1803 2085 capituli

467 2109 559 2202 nigri
577 2106 705 2180 coloris
722 2099 861 2200 signata
878 2104 1058 2197 capitibus
1075 2113 1300 2174 mortuorum
1318 2145 1327 2162 ·

516 2217 658 2290 Odtauo
676 2240 746 2290 sna
766 2214 906 2309 capella
923 2238 971 2287 ex
988 2209 1076 2287 billa
1102 2213 1226 2288 villosa
1253 2215 1326 2288 albi
1353 2217 1479 2290 coloris
1505 2239 1591 2289 auro
1617 2215 1739 2287 textili
1768 2216 1803 2284 in

466 2323 612 2400 diuersis
630 2329 792 2422 partibus
805 2348 888 2398 cum
903 2348 1018 2420 cappa
1035 2323 1154 2397 casula
1170 2327 1344 2400 tunicella
1355 2341 1392 2400 et
1405 2327 1597 2400 dalmatica
1609 2351 1692 2398 cum
1707 2325 1804 2397 stolis

466 2438 658 2535 manipulis
675 2440 765 2511 albis
782 2449 821 2510 et
837 2439 978 2509 omittis
995 2459 1078 2509 eum
1105 2439 1271 2510 omnibus
1288 2439 1481 2512 earundem
1507 2439 1725 2534 paramentis
1741 2459 1806 2530 per

465 2552 704 2625 reuerendum
738 2561 879 2644 patrem
913 2547 1090 2621 Thomam
1120 2548 1237 2644 Speos
1271 2549 1565 2624 Aberdonensem
1599 2545 1802 2642 episcopum

466 2664 611 2760 egregia
629 2663 743 2734 forma
760 2663 894 2732 donata
911 2701 919 2718 ·

517 2775 612 2846 Item
639 2797 704 2868 per
733 2774 890 2845 eundem
914 2774 1157 2844 reuerendum
1178 2785 1318 2868 patrem
1337 2798 1406 2848 vna
1429 2775 1570 2872 capella
1585 2798 1668 2848 cum
1692 2795 1805 2866 cappa

466 2885 586 2960 catula
602 2886 726 2957 tunica
738 2895 777 2956 et
791 2884 986 2956 dalmatico
998 2907 1045 2955 ex
1056 2907 1144 2956 auro
1157 2886 1278 2957 textili
1292 2886 1392 2960 rubei
1409 2887 1537 2960 coloris
1548 2909 1631 2960 cum
1645 2880 1802 2958 eiusdem

465 2997 564 3070 stolio
581 2996 774 3089 manipulis
790 2995 882 3068 albia
898 3004 938 3067 et
954 2996 1096 3067 emistis
1108 3019 1152 3068 ac
1168 3000 1386 3090 paramentis
1402 3001 1546 3096 egregia
1557 2996 1721 3072 srmiliter
1734 2998 1802 3067 sor·

465 3134 525 3182 ma
541 3119 771 3201 comparata·

517 3221 612 3292 [tem
640 3221 884 3315 pereundam
912 3220 1163 3313 antipendium
1190 3223 1312 3316 magui
1330 3221 1450 3294 altaris
1475 3245 1560 3295 cum
1576 3221 1802 3316 ymaginibus

466 3337 622 3406 arurisct
639 3333 758 3406 titulis
775 3330 933 3404 eiusdem
953 3333 1091 3404 domini
1108 3328 1261 3426 episcopi
1278 3331 1363 3405 satis
1378 3333 1589 3406 honestum·

516 3445 611 3518 ltem
639 3445 710 3516 duo
736 3442 929 3517 ceruicalia
945 3467 992 3516 ex
1019 3444 1170 3534 antiquo
1187 3467 1235 3514 ex
1254 3441 1340 3515 billo
1364 3445 1485 3516 villosa
1511 3444 1644 3518 cerulei
1674 3443 1802 3516 coloris

466 3560 560 3630 douo
577 3557 749 3630 antedisti
767 3555 906 3628 Tirome
923 3555 1080 3650 episcopi
1098 3556 1200 3628 euius
1223 3557 1344 3628 anime
1360 3557 1573 3651 propitietur
1589 3556 1703 3627 deus·

508 3667 619 3740 Nouo
630 3691 798 3762 cappacx
810 3691 897 3739 auro
911 3667 1033 3740 textili
1044 3689 1265 3761 quamquam
1278 3681 1380 3740 retus
1390 3669 1484 3740 dono
1496 3669 1631 3740 domini
1647 3665 1800 3740 Forbrs.

516 3777 612 3850 ltem
630 3777 702 3851 due
718 3800 831 3872 cappo
848 3787 991 3849 soteres
1004 3801 1050 3850 ex
1067 3803 1156 3851 auro
1170 3791 1209 3850 vt
1222 3790 1373 3875 apparet
1390 3803 1459 3854 arra
1471 3791 1510 3854 et
1523 3779 1638 3852 altera
1651 3803 1697 3852 cx
1715 3777 1801 3852 bill'o

468 3887 592 3962 villosa
603 3890 688 3962 dibti
706 3887 886 3962 Bauhelui
904 3911 969 3982 pro
986 3891 1192 3964 ebdomario
1207 3893 1440 3986 quotidiano·

517 4003 670 4084 Decimo
686 4024 751 4095 per
767 4001 1006 4074 reuererrdum
1024 4004 1062 4074 in
1080 4000 1223 4075 Clrrillo
1240 4011 1379 4097 patrem
1401 4027 1443 4075 ac
1465 4004 1651 4075 donriaum
1673 4003 1802 4076 l'illcl·

467 4109 1116 4209 rtrumElphinstouuAberdoneusem
1127 4113 1333 4210 episcopum
1344 4124 1382 4185 et
1391 4117 1564 4186 mcorran
1577 4118 1799 4188 conditorem

466 4242 504 4302 et
516 4227 744 4300 fundatorem
756 4219 1001 4298 vniuerfitatia
1011 4236 1050 4298 et
1061 4222 1475 4323 collegijAberdoneulls
1485 4229 1545 4320 qui
1559 4227 1642 4299 huic
1653 4225 1801 4300 ecclesa·

465 4339 618 4412 adduxit
635 4338 787 4410 maiores
804 4359 996 4430 campanas
1013 4337 1214 4433 cmnpanile
1231 4335 1429 4410 construxit
1451 4353 1489 4411 et
1507 4341 1623 4411 erexit
1640 4364 1682 4412 ac
1700 4340 1801 4413 lami·

467 4451 572 4524 uibus
588 4449 767 4544 plumbeis
785 4449 880 4520 texit
897 4469 980 4522 cum
999 4460 1079 4522 tota
1095 4452 1179 4524 naui
1197 4445 1345 4524 ecclesie
1361 4473 1441 4522 eum
1459 4451 1628 4524 cancellis
1645 4475 1710 4547 per
1733 4454 1800 4526 cir·

467 4565 605 4636 coitum
624 4573 745 4656 preter
761 4559 935 4654 capellam
955 4561 1040 4634 diue
1054 4560 1232 4636 Katarino
1249 4562 1394 4657 virginis
1410 4603 1418 4620 ·
1469 4607 1473 4616 ·
