4590 5954
441 719 487 790 96
956 707 1263 782 REGISTRUM
1628 713 1780 810 [sucum

441 1031 478 1100 in
494 1028 620 1124 spiritu
647 1025 806 1099 lenitatis
828 1047 911 1096 eum
928 1020 1116 1116 supportet
1132 1027 1171 1090 et
1188 1018 1223 1090 ei
1240 1040 1304 1114 pro
1320 1013 1417 1112 posse
1433 1019 1645 1111 persuadeat
1669 1023 1781 1119 pluri.

442 1143 510 1212 mis
533 1139 650 1212 modis
666 1137 762 1232 quod
787 1138 926 1230 integre
943 1134 1045 1208 etde
1063 1131 1231 1205 omnibus
1256 1129 1414 1224 peccatis
1438 1131 1600 1222 peniteat
1617 1145 1655 1207 et
1671 1133 1782 1207 conti·

442 1263 563 1325 teatur
578 1251 685 1323 aliter
702 1271 786 1322 vero
803 1242 970 1321 eonfeffio
987 1269 1060 1318 non
1078 1241 1133 1318 est
1150 1265 1235 1316 vera
1252 1281 1261 1300 ·
1280 1239 1453 1314 Pretereu
1476 1241 1634 1334 inquirat
1651 1241 1780 1318 vfitata

443 1361 650 1460 singillatim
674 1357 843 1432 invfiutc
864 1369 987 1431 autem
1010 1382 1084 1430 nou
1109 1352 1174 1430 nisr
1192 1381 1215 1430 a
1231 1355 1339 1451 longe
1355 1376 1421 1449 per
1435 1351 1724 1430 circumstancium
1742 1369 1781 1428 vt

443 1471 489 1548 sio
519 1475 678 1571 expertis
702 1473 809 1545 detur
836 1473 991 1544 materia
1019 1469 1217 1544 c'outitendi
1247 1478 1288 1542 et
1315 1465 1524 1562 inexpertis·
1545 1465 1647 1539 nullu
1674 1469 1782 1540 detur

443 1583 579 1662 occasio
604 1583 835 1678 delinquendi
858 1623 867 1640 ·
890 1579 1120 1678 personarum
1144 1581 1293 1654 nomina
1314 1601 1398 1654 eum
1421 1577 1551 1671 quibus
1576 1581 1781 1671 peccauerit

445 1725 517 1773 non
539 1700 697 1792 inquirat
720 1693 775 1768 set
803 1717 868 1789 per
891 1690 1146 1766 confessionem
1173 1688 1293 1786 potest
1316 1691 1497 1784 inquirere
1524 1700 1644 1760 rtrum
1670 1688 1782 1762 laicus

446 1812 503 1884 vel
521 1811 672 1884 clericus
688 1803 848 1878 sacerdos
862 1803 920 1876 vel
937 1805 1108 1876 diaconus
1126 1803 1184 1876 vel
1201 1802 1398 1876 monachus
1415 1801 1524 1874 inerit
1541 1841 1550 1860 ·
1569 1813 1783 1874 moneantur

444 1937 566 1997 autem
584 1919 665 1992 laici
683 1919 719 1987 in
733 1915 907 2010 principio
921 1933 1222 1992 Quunnaonsrun
1236 1915 1400 1988 confiteri
1412 1923 1453 1988 et
1464 1916 1538 1989 cito
1551 1910 1630 2009 post
1642 1910 1781 2008 lapsus·

446 2032 652 2125 Precipiant
679 2028 789 2098 etiam
821 2025 1043 2118 parochianis
1068 2023 1139 2096 suis
1165 2035 1206 2094 vt
1236 2021 1422 2120 postquam
1448 2027 1494 2098 ud
1517 2049 1632 2100 anuos
1656 2023 1782 2098 discre-

445 2145 553 2216 tionis
578 2138 809 2234 peruenerint
831 2137 952 2205 omnia
976 2147 1125 2229 peccata
1146 2133 1210 2206 sua
1227 2134 1337 2207 semel
1359 2137 1398 2208 iu
1423 2159 1519 2209 anno
1542 2138 1783 2210 confiteantur

446 2254 586 2350 proprio
604 2247 775 2322 sacerdoti
790 2245 846 2318 rel
864 2245 968 2317 alteri
982 2248 1027 2316 ud
1041 2247 1118 2317 eius
1136 2245 1320 2318 licentium
1338 2256 1376 2316 et
1392 2257 1601 2320 reuerenter
1615 2249 1781 2321 adruinus

445 2370 481 2438 in
499 2361 628 2460 pusclra
643 2353 864 2431 Eucharistie
881 2355 1142 2428 sacramentum
1161 2357 1362 2450 percipiant
1380 2353 1445 2428 nili
1463 2357 1557 2430 sorte
1574 2361 1619 2431 de
1636 2357 1782 2432 cousrlio

444 2475 575 2573 proprij
605 2469 797 2544 sucerdotis
821 2469 869 2540 ob
894 2468 1051 2562 aliquam
1081 2467 1294 2541 rationalem
1323 2465 1464 2541 causum
1490 2469 1535 2541 sd
1564 2481 1706 2564 tempus
1735 2473 1782 2544 ab

445 2593 522 2663 eius
542 2585 772 2682 perceptione
789 2581 958 2654 duxerint
974 2576 1228 2652 abstinendum
1244 2579 1403 2674 alioquin
1421 2591 1459 2653 et
1478 2581 1551 2654 viui
1568 2583 1614 2654 nb
1630 2577 1781 2678 ingressu

445 2698 592 2776 ecclesie
615 2704 805 2770 arceantur
821 2707 859 2766 et
881 2695 1014 2765 mortui
1038 2689 1231 2766 christiana
1255 2690 1440 2788 sepultura
1463 2705 1610 2766 carennt
1627 2733 1636 2752 ·
1653 2709 1778 2766 caueat

443 2829 566 2887 sutem
591 2809 752 2882 sacerdos
774 2807 923 2879 omnino
940 2827 987 2877 ne
1004 2805 1114 2878 verbo
1129 2815 1195 2878 aut
1217 2801 1318 2902 siguo
1342 2815 1408 2878 uut
1430 2804 1551 2900 aliquo
1577 2807 1684 2878 modo
1700 2829 1783 2902 pec·

444 2937 603 2998 cutorem
629 2917 756 3014 prodat
781 2927 821 2990 et
844 2912 870 2987 sr
892 2916 1114 3010 prudentiori
1140 2913 1288 2990 consilio
1312 2915 1509 3012 indiguerit
1532 2916 1624 2989 illud
1648 2914 1781 3012 ubsque

444 3029 665 3130 expressione
694 3027 843 3123 persone
870 3026 943 3098 vlla
970 3042 1077 3100 caute
1106 3029 1265 3122 inquirat
1286 3067 1295 3086 ·
1318 3026 1363 3100 Iu
1388 3027 1507 3120 dubiJs
1531 3049 1616 3100 veru
1644 3027 1782 3124 semper

444 3144 622 3220 consultet
639 3138 841 3235 episcopum
858 3151 922 3210 aut
939 3135 1111 3212 discretos
1123 3141 1218 3211 viros
1231 3161 1382 3231 quorum
1400 3135 1546 3212 confilio
1562 3141 1782 3213 certificatus

445 3257 587 3332 securus
605 3252 720 3325 valeat
739 3246 876 3324 soluere
895 3248 951 3321 vel
969 3249 1107 3345 ligure·

749 3471 894 3546 LVIII.
921 3473 979 3546 De
996 3473 1218 3546 licmurento
1237 3469 1475 3546 Ewkurislic·

445 3693 792 3780 Excellentiffimum
822 3695 1003 3770 Dominici
1037 3700 1196 3793 corporis
1229 3708 1270 3771 et
1302 3695 1485 3794 sauguinis
1518 3695 1779 3773 sacromentum

443 3839 525 3892 cum
560 3811 763 3886 reucreutiu
796 3809 991 3882 deuotione
1021 3811 1225 3884 ethonore
1260 3811 1436 3884 trudetur
1464 3823 1504 3884 et
1533 3823 1680 3906 propter
1713 3815 1780 3888 lroc

442 3927 600 4003 dillriae
625 3921 841 4018 precipimus
861 3921 956 4014 quod
982 3919 1183 3996 sacerdotes
1207 3925 1304 3996 circs
1319 3945 1363 3996 ea
1379 3945 1451 4015 que
1475 3921 1521 3996 ud
1546 3919 1780 4000 substantiam

443 4035 654 4115 sacramenti
676 4033 834 4127 corporis
855 4041 895 4104 ct
919 4028 1101 4128 sauguinis
1118 4033 1265 4108 Domini
1292 4029 1364 4107 srnt
1387 4032 1581 4130 diligentes
1606 4037 1779 4130 prouisuri

442 4153 538 4248 quod
564 4141 788 4221 Eucharistiu
812 4145 849 4216 in
874 4143 1010 4218 munda
1033 4147 1157 4240 pixide
1181 4141 1415 4219 conseruetur
1439 4167 1507 4218 nec
1523 4145 1618 4220 vltra
1642 4146 1778 4244 septem

443 4267 519 4338 dies
543 4255 801 4335 conseruentur
825 4249 940 4328 hostie
965 4255 1172 4332 consecrate
1188 4255 1244 4331 set
1259 4255 1422 4351 qualibet
1438 4257 1500 4330 die
1521 4258 1702 4334 dominica
1727 4265 1781 4334 iu-

441 4382 623 4450 nouentur
650 4371 702 4442 ita
730 4367 828 4462 quod
857 4363 936 4461 poll
965 4371 1212 4463 receptionem
1239 4365 1354 4442 lroslie
1382 4381 1549 4442 recenter
1576 4369 1780 4446 consecrate

439 4503 526 4561 unte
541 4475 778 4577 sumpsrouem
795 4475 976 4574 saugrriuis
997 4477 1180 4554 Dominici
1197 4479 1380 4556 reseruate
1402 4477 1517 4554 hostis
1534 4505 1557 4554 u
1572 4482 1780 4560 celebrante

440 4593 574 4672 missurn
597 4593 784 4668 sumantur
802 4587 858 4662 uel
873 4589 998 4686 aliquo
1019 4592 1114 4666 bone
1137 4591 1358 4668 conscientie
1375 4633 1384 4650 ·
1402 4592 1650 4690 habenturque
1673 4601 1779 4672 certi·
