4612 5964
460 773 547 870 xa]
938 773 1344 849 annaoounuse.
1762 786 1805 855 91
1924 734 1928 740 ’

462 1019 466 1025 -
919 974 1140 1070 Subscriptio
1158 971 1322 1068 Episcopi
1341 1013 1349 1030 ·

459 1085 541 1188 Nos
557 1083 715 1159 Thomas
740 1085 927 1184 episcopus
945 1082 1215 1161 Aberdonensrs
1240 1080 1472 1178 suprascripta
1498 1082 1633 1157 statuta
1657 1095 1696 1157 et
1721 1109 1807 1157 con·

457 1193 844 1274 cellioncslaudamus
866 1202 1106 1296 approbamus
1131 1208 1170 1269 et
1194 1194 1414 1267 ratificamus
1436 1193 1631 1269 secundum
1657 1221 1803 1270 omnem

457 1311 611 1384 formam
629 1322 668 1385 et
685 1313 950 1386 continentiam
968 1309 1178 1382 eorumdem
1197 1330 1306 1378 manu
1323 1311 1465 1402 propria
1480 1320 1539 1381 etc
1557 1351 1565 1368 ·

928 1529 1150 1625 Subscriptio
1158 1530 1313 1633 ,Nounj
1331 1573 1340 1590 ·

456 1649 507 1723 Et
523 1650 605 1748 Ego
621 1649 780 1722 Thomas
797 1645 923 1720 Ettale
941 1640 1115 1738 presbiter
1129 1639 1399 1716 Aberdonensrs
1416 1656 1475 1718 etc
1493 1687 1501 1702 ·

872 1867 1095 1961 Subscriptio
1112 1870 1363 1940 canonicorum
1382 1909 1391 1926 ·

453 1987 534 2084 Ego
552 1985 731 2060 Ricardus
750 1981 885 2054 Forbes
902 1982 1060 2053 decanus
1077 1976 1282 2052 subscribo·

453 2099 504 2171 Et
522 2098 603 2194 Ego
621 2096 823 2168 Duneanus
838 2093 1028 2188 Lycbtoue
1045 2092 1281 2166 cancellarius
1298 2090 1501 2166 subscribo·

453 2210 502 2281 Et
521 2209 603 2304 Ego
620 2207 789 2280 Andreas
807 2205 911 2300 Lyell
930 2203 1170 2277 thesaurarius
1185 2203 1364 2279 subscribo
1382 2248 1391 2266 ·

452 2321 502 2394 Et
522 2321 602 2417 Ego
621 2318 842 2392 Laurentius
860 2317 954 2412 Pyot
972 2318 1243 2391 archidiaconus
1259 2316 1437 2392 subscribo
1455 2361 1464 2378 ·

453 2434 502 2506 Et
520 2433 601 2530 Ego
617 2433 776 2505 Tbomas
793 2430 1005 2525 Eddanaprn
1022 2431 1279 2524 prebendarius
1295 2428 1473 2504 subscribo
1491 2475 1499 2490 ·

451 2545 503 2620 Et
519 2545 602 2644 Ego
618 2544 835 2619 Alexander
850 2537 987 2616 Waull
994 2542 1252 2636 prebendarius
1268 2543 1314 2616 de
1332 2542 1500 2619 Murtble
1517 2544 1696 2619 subscribo
1713 2589 1723 2606 ·

451 2658 501 2732 Et
513 2655 596 2756 Ego
605 2656 831 2731 Farcbardus
841 2656 887 2727 de
897 2653 1031 2727 Caldor
1039 2653 1297 2748 prebendarius
1307 2655 1353 2726 de
1363 2654 1583 2728 Crecbmont
1595 2653 1796 2730 subscribo·

450 2773 502 2846 Et
519 2772 600 2868 Ego
619 2769 809 2843 Walterus
826 2765 1022 2839 Foularton
1041 2767 1298 2859 prebendarius
1315 2767 1361 2838 de
1374 2765 1555 2840 Codilstan
1575 2766 1755 2842 subscribo
1772 2808 1780 2826 ·

451 2884 502 2957 Et
519 2883 600 2980 Ego
617 2879 832 2954 Alexander
849 2874 1036 2973 Lyndesay
1052 2876 1309 2972 prebendarius
1326 2878 1372 2951 de
1388 2877 1554 2952 Balbelui
1574 2878 1754 2954 subscribo
1771 2921 1780 2938 ·

450 3221 509 3293 Dc
526 3214 756 3316 suspensione
773 3216 893 3288 Dauid
913 3214 1054 3287 Prowdi
1073 3253 1081 3272 ·

449 3425 558 3520 Aea
599 3439 768 3516 sicesrmo
802 3442 861 3513 die
899 3439 990 3533 Julij
1025 3462 1121 3511 anno
1156 3436 1319 3535 [nocco]
1363 3440 1427 3533 lrij
1462 3463 1579 3514 corant
1624 3441 1795 3538 magistro

448 3557 632 3632 Richardo
657 3555 703 3627 de
721 3553 859 3626 Forbes
884 3554 1021 3626 decano
1044 3547 1294 3624 Aberdouenli
1318 3577 1361 3624 ac
1387 3555 1518 3624 vicario
1534 3554 1693 3648 generali
1712 3579 1794 3627 rcu-

447 3671 571 3744 erendi
593 3669 706 3766 patris
731 3657 869 3739 domini
893 3663 1033 3738 'l'bome
1057 3661 1212 3758 episcopi
1237 3661 1506 3738 Aberdonensrs
1529 3688 1594 3760 pro
1620 3667 1792 3740 tribunali

447 3785 596 3857 sedente
611 3784 652 3854 in
669 3780 778 3854 domo
795 3777 983 3874 capitulari
1001 3772 1204 3849 Aberdonsr
1222 3817 1231 3834 ·

447 3895 527 3993 Ego
546 3893 770 3968 laurencius
796 3889 891 3986 Pyot
914 3889 1172 3962 arcbdiaconus
1188 3887 1455 3963 Aberdonenlis
1472 3891 1588 3963 fateor
1607 3904 1646 3963 et
1668 3915 1794 3988 recog·

446 4006 553 4082 nosco
580 4006 705 4079 literas
721 4004 933 4077 monitorias
958 4025 1024 4097 por
1048 4023 1107 4074 me
1132 4001 1285 4074 direttas
1309 4013 1436 4075 contra
1460 4004 1646 4076 dominum
1676 4004 1789 4078 Dauit

446 4119 589 4193 Prowdi
615 4119 792 4190 restorem
819 4116 866 4188 de
891 4113 964 4212 'syr
986 4126 1025 4187 et
1049 4135 1148 4186 nunc
1172 4110 1433 4187 deseruientem
1450 4116 1487 4187 in
1506 4115 1614 4187 choro
1639 4114 1791 4191 ecclesie

444 4229 663 4306 cathedralis
679 4222 951 4302 Aberdonenlis
976 4225 1041 4300 sub
1061 4227 1165 4320 penis
1181 4221 1416 4321 suspensionis
1433 4228 1478 4300 ab
1495 4225 1648 4324 ingressu
1674 4231 1791 4303 ecclc-

445 4342 494 4420 ste
517 4354 559 4419 et
584 4335 823 4438 suspenfionis
848 4341 892 4414 ad
917 4343 1038 4413 miuus
1063 4336 1248 4411 sentencie
1265 4338 1338 4411 late
1355 4350 1394 4411 et
1410 4343 1532 4412 omnia
1556 4342 1640 4412 inde
1665 4341 1790 4415 secuta

443 4477 588 4532 necnon
612 4465 653 4528 et
677 4447 942 4548 suspensionem
976 4453 1106 4525 saltam
1141 4460 1180 4522 et
1212 4449 1418 4546 inscriptam
1453 4452 1714 4548 promulgatam
1742 4456 1789 4527 de

442 4582 482 4643 et
506 4567 616 4665 super
639 4565 788 4640 domino
802 4562 953 4638 ''l'boma
978 4562 1110 4636 Brown
1136 4563 1268 4636 sicano
1292 4563 1339 4636 de
1364 4562 1535 4636 Prameth
1559 4565 1636 4637 lore
1660 4575 1699 4637 et
1716 4565 1790 4640 else

443 4682 546 4756 nulla
574 4673 783 4774 nulliusque
807 4677 944 4750 roboris
962 4676 1019 4749 rel
1040 4675 1217 4749 momenti
1242 4697 1289 4748 ex
1315 4679 1424 4748 certis
1447 4671 1560 4750 caulis
1584 4699 1649 4771 per
1671 4679 1790 4754 domi·
