4612 5964
453 723 499 795 72
972 701 1283 776 REGISTRUM
1644 707 1796 804 [secum

455 927 722 1011 procuratorem
738 921 777 982 rt
794 906 1021 1002 premittitur
1037 897 1244 994 presentem
1258 909 1297 970 et
1312 910 1559 992 receptantem
1576 926 1650 974 non
1667 905 1798 976 admit-

455 1039 555 1100 tetur
581 1039 621 1098 rt
650 1023 844 1099 canonicus
873 1021 910 1090 in
944 1015 1053 1088 choro
1084 1021 1148 1084 aut
1176 1009 1335 1104 capitulo
1357 1033 1423 1083 nec
1452 1011 1497 1082 ed
1526 1011 1795 1086 distributiones

456 1142 682 1234 quotidianas
700 1134 762 1208 seu
778 1131 1024 1206 communiam
1042 1121 1108 1196 nisr
1126 1124 1226 1217 prius
1243 1121 1350 1193 fuerit
1373 1143 1438 1214 per
1454 1122 1654 1214 capitulum
1673 1148 1797 1196 recon-

456 1253 600 1324 ciliatus
618 1291 627 1308 ·
647 1248 696 1320 Et
714 1244 741 1319 sr
759 1244 852 1317 infra
875 1253 949 1314 tres
967 1234 1108 1308 menses
1125 1233 1259 1306 exinde
1277 1230 1461 1325 sequentes
1478 1255 1551 1302 non
1569 1230 1797 1307 constituerit

456 1373 724 1458 procuratorem
750 1357 879 1452 perdet
903 1352 1050 1424 tertiam
1068 1357 1209 1442 purtem
1227 1345 1401 1416 fructuum
1420 1342 1603 1436 prebende
1621 1341 1682 1414 sue
1698 1345 1797 1418 illiue

456 1479 540 1548 anni
558 1476 619 1567 qui
637 1472 774 1544 frustus
798 1463 1079 1560 applicabuntur
1096 1459 1231 1530 fabrice
1249 1451 1390 1528 eoeleste
1416 1476 1481 1547 pro
1502 1455 1622 1525 media
1640 1469 1741 1546 parte
1757 1469 1797 1528 et

456 1587 636 1661 canonicis
656 1577 896 1655 resrdentibus
914 1596 978 1668 pro
995 1571 1112 1644 alteru
1127 1579 1231 1665 parte
1254 1567 1392 1638 media·
1411 1565 1518 1650 Quod
1537 1562 1564 1636 sr
1581 1587 1796 1658 perannum

457 1707 724 1794 procuratorem
750 1684 971 1761 constituere
996 1678 1178 1752 distulerit
1195 1688 1236 1750 vt
1259 1679 1477 1771 premittitur
1494 1672 1538 1747 lit
1557 1674 1631 1770 ipso
1648 1677 1741 1747 sacto
1758 1693 1797 1748 et

458 1810 533 1883 sme
558 1809 628 1881 alio
654 1794 812 1898 processu
839 1798 1002 1890 priuatus
1019 1791 1196 1862 fructibus
1219 1787 1282 1860 sue
1307 1788 1483 1883 prebende
1509 1788 1624 1860 donee
1650 1799 1692 1862 ct,
1711 1810 1798 1881 quo·

457 1919 569 2014 usque
595 1920 862 2011 procuratorem
889 1898 1119 1977 constituerit
1136 1910 1176 1972 et
1193 1909 1340 1994 propter
1360 1899 1457 1970 suam
1483 1898 1741 1994 negligentium
1759 1911 1797 1971 et

458 2029 722 2106 contumaciam
746 2043 810 2115 per
829 2018 1008 2088 decanum
1026 2023 1065 2084 et
1082 2012 1284 2105 capitulum
1307 2009 1553 2082 reconciliatus
1570 2011 1680 2082 fucrit
1697 2011 1798 2107 supc-

459 2147 532 2216 rins
561 2151 599 2210 rt
629 2133 856 2232 premittitur
881 2138 920 2198 et
950 2125 1087 2196 fruens
1118 2123 1265 2194 interim
1296 2120 1568 2216 applicabuntur
1596 2122 1730 2197 fabrice
1759 2134 1798 2196 et

460 2253 641 2328 canonicis
658 2257 699 2318 rt
717 2244 845 2337 supra·

461 2479 518 2552 Dc
536 2473 717 2550 habitibus
730 2467 945 2540 vicariorum
960 2471 999 2533 ct
1016 2483 1110 2554 pena
1123 2480 1196 2530 non
1209 2455 1421 2530 soluentium
1435 2460 1617 2531 canonicis
1633 2456 1798 2554 impositu

754 2591 793 2651 et
809 2567 1041 2673 promiffione
1056 2567 1214 2664 episcopi
1231 2571 1326 2643 circe
1339 2569 1499 2642 eandem.

459 2817 554 2888 Item
574 2815 772 2883 renouetur
787 2799 894 2894 super
913 2797 1098 2870 lrabitibua
1115 2795 1328 2866 vicariorum
1345 2787 1416 2864 line
1433 2788 1671 2866 stellariorum
1687 2817 1800 2887 quan·

458 2945 536 2997 tum
562 2922 607 2994 ad
634 2912 885 3011 superpellicia
908 2919 947 2981 ct
969 2908 1121 3000 capucio
1142 2904 1307 2976 foderata
1327 2897 1398 2975 line
1421 2913 1543 2975 tamen
1568 2907 1798 2978 reuocatione

458 3036 583 3132 prioris
601 3027 726 3100 statuti
744 3024 850 3118 super
866 3015 1041 3114 premissis
1054 3016 1143 3088 editi
1157 3037 1254 3086 anno
1267 3013 1409 3085 Domini
1426 3010 1616 3086 millesimo
1630 3017 1800 3089 triccntc·

456 3146 545 3220 srmo
559 3135 777 3234 scxagcsrmo
791 3133 917 3204 sexto·
932 3129 1039 3214 Quod
1059 3126 1152 3198 infru
1165 3125 1397 3220 quodraginta
1408 3125 1486 3196 dica
1502 3121 1581 3218 post
1598 3129 1798 3220 proximam

457 3259 694 3332 monitionem
712 3271 777 3343 per
792 3241 992 3338 capitulum
1011 3241 1048 3310 in
1066 3234 1227 3333 generali
1251 3233 1453 3310 faciuntea
1471 3237 1627 3310 siendum
1645 3239 1800 3330 quilibet

457 3365 713 3466 prebendarius
743 3355 931 3452 prouideat
957 3353 1053 3422 circe
1078 3373 1122 3421 cn
1146 3371 1229 3420 cum
1257 3347 1380 3420 effectu
1401 3360 1440 3420 et
1460 3348 1556 3440 quod
1582 3349 1736 3441 quilibet
1761 3353 1798 3423 in

457 3484 525 3554 lroc
548 3476 718 3550 dclicicns
743 3467 859 3540 solunt
885 3465 1010 3534 decem
1037 3457 1168 3532 solidos
1186 3472 1225 3531 et
1243 3457 1269 3532 sr
1287 3471 1434 3532 extunc
1459 3459 1553 3532 inira
1571 3462 1699 3554 viginti
1722 3462 1799 3534 dies

456 3592 645 3685 sequentes
661 3605 734 3654 non
752 3575 952 3675 prouiderit
970 3575 1007 3644 in
1024 3565 1200 3665 premillia
1217 3567 1335 3643 solunt
1348 3571 1475 3667 viginti
1500 3568 1631 3642 solidos
1647 3583 1686 3644 et
1702 3574 1797 3664 quod

456 3702 556 3776 nulla
581 3698 686 3771 cadat
712 3683 867 3764 rcnrilsro
892 3685 988 3756 circe
1014 3677 1181 3776 premilln
1206 3719 1217 3740 ·
1241 3689 1281 3754 et
1306 3701 1366 3774 pro
1389 3681 1515 3752 maiori
1538 3681 1710 3754 firmitate
1735 3707 1800 3778 pcr

456 3811 613 3908 singulos
629 3803 821 3880 canonico·
842 3797 912 3870 boc
931 3797 1097 3867 iuretur·
1118 3791 1169 3865 Et
1185 3791 1351 3864 domium
1371 3787 1491 3863 noster
1506 3789 1693 3886 episcopus
1718 3816 1799 3888 pro-

455 3920 552 3998 misrt
575 3919 727 3993 firmiter
742 3910 838 4006 quod
861 3903 1098 4002 sequestrabit
1116 3905 1255 3976 frustua
1272 3903 1527 3998 prebendarum
1543 3907 1797 3978 canonicorum

455 4039 550 4109 circa
573 4021 739 4128 premisso
762 4019 1053 4113 delinquentium
1071 4015 1168 4109 quod
1194 4035 1268 4086 non
1293 4012 1465 4086 relaxabit
1488 4009 1555 4086 nisr
1580 4017 1679 4110 priua
1701 4039 1799 4090 com·

455 4157 623 4244 petentcr
646 4137 756 4211 suerit
781 4127 1000 4206 satisfactum
1026 4137 1103 4200 tam
1129 4135 1308 4220 quantum
1330 4125 1374 4198 ad
1397 4125 1595 4220 principale
1618 4149 1724 4222 quam
1751 4129 1795 4202 ad

453 4279 582 4357 penam
601 4294 609 4312 ·
