4526 5954
466 733 574 829 xus]
936 741 1339 821 ABERDONENSE.
1731 758 1803 834 269

466 943 623 1040 Berwyk
640 987 649 1006 ·
667 947 835 1026 Johanne
862 963 902 1026 et
927 955 1097 1031 Johanne
1126 970 1165 1030 et
1188 957 1296 1030 Petro
1325 956 1461 1028 clericis
1493 959 1628 1031 domini
1645 960 1795 1041 Andrse

466 1054 692 1135 Morauensis
709 1063 863 1160 episcopi
880 1066 1105 1141 ·Gillebcrto
1122 1065 1311 1140 senescallo
1338 1066 1384 1137 de
1401 1066 1586 1141 Vrcbard·
1602 1069 1796 1168 Radulpho

464 1167 670 1247 camerario
687 1217 696 1236 ·
722 1175 882 1272 Symone
907 1179 953 1251 de
979 1177 1141 1273 Orreby·
1158 1173 1362 1270 Augustino
1380 1175 1463 1274 Syg'
1485 1190 1524 1251 et
1540 1179 1619 1276 alijs
1636 1219 1644 1238 ·
1662 1182 1798 1258 Auum

462 1303 558 1353 anno
586 1289 707 1381 gracie
739 1285 930 1362 millesimo
963 1284 1208 1361 ducentesimo
1240 1283 1415 1361 tricesimo
1449 1292 1563 1366 ¹tertio
1609 1305 1649 1367 et
1685 1301 1796 1373 tertio

465 1391 595 1491 Marcij
613 1439 624 1458 ·

458 1731 569 1809 Carta
585 1735 786 1809 Alexandri
804 1736 897 1830 regis
915 1732 1001 1805 data
1016 1733 1337 1812 fratribusmilicie
1362 1740 1487 1836 templi
1506 1741 1708 1820 Salamonis
1726 1789 1734 1807 ·

456 1936 685 2034 Alexander
700 1958 759 2030 dei
774 1957 892 2054 gratia
908 1977 972 2028 rex
990 1955 1199 2031 Scottorum
1217 1961 1387 2060 episcopis
1411 1967 1601 2046 abbatibus
1617 1978 1793 2070 prioribus

454 2072 649 2146 comitibus
664 2069 859 2142 baronibus
875 2063 1075 2164 iusticiarijs
1093 2071 1362 2149 vicecomitibus
1379 2078 1546 2156 ministris
1562 2097 1602 2158 et
1623 2091 1791 2164 omnibus

453 2184 598 2257 balliuis
611 2190 651 2254 et
663 2179 831 2252 fidelibus
843 2178 916 2252 suis
929 2177 1081 2253 salntem
1098 2223 1107 2241 ·
1124 2181 1311 2259 Noueritis
1322 2212 1387 2262 nos
1400 2191 1600 2269 concessisse
1613 2208 1652 2271 et
1664 2203 1793 2276 conflr-

452 2289 563 2367 masse
581 2291 661 2364 Deo
687 2301 726 2363 et
751 2291 858 2364 beate
876 2290 996 2364 Maris
1020 2301 1060 2365 et
1084 2293 1253 2369 fratribus
1278 2299 1410 2375 milicie
1434 2307 1561 2400 templi
1587 2307 1791 2388 Salamonis

452 2427 579 2478 omnes
597 2403 810 2476 donationes
827 2416 1004 2476 terrarum
1020 2405 1208 2480 hominum
1220 2419 1259 2482 et
1275 2410 1546 2488 elemosmarum
1564 2422 1615 2493 eis
1631 2427 1791 2518 aprede-

451 2512 643 2589 collaribus
660 2511 790 2587 nostris
807 2513 865 2587 vel
882 2515 929 2588 ab
945 2513 1025 2612 alijs
1041 2519 1080 2588 in
1093 2522 1267 2613 preterito
1278 2523 1336 2597 vel
1346 2528 1384 2596 in
1393 2527 1514 2600 futuro
1529 2531 1588 2603 vel
1600 2557 1622 2604 a
1635 2535 1739 2610 n'cbis
1751 2542 1789 2612 in

449 2623 606 2722 presenti
622 2623 679 2698 vel
693 2627 730 2698 in
743 2627 867 2699 futuro
880 2651 902 2700 a
913 2627 1059 2724 regibus
1073 2628 1131 2701 vel
1142 2653 1189 2702 ex
1204 2631 1355 2706 aliomm
1369 2635 1585 2714 liberalitate
1602 2647 1789 2721 conferen-

449 2740 513 2811 das
530 2733 589 2810 vel
606 2737 677 2810 alio
702 2739 810 2810 modo
827 2735 1016 2832 acquisitas
1034 2740 1092 2813 vel
1109 2741 1345 2836 adquirendae
1361 2757 1434 2820 tam
1452 2752 1489 2822 in
1507 2751 1663 2849 ecclcsrjs
1680 2782 1787 2851 quam

448 2853 487 2923 in
504 2850 612 2924 rebus
625 2861 665 2924 et
677 2847 945 2946 poll'eslionibus
955 2854 1171 2926 mundanis·
1189 2852 1310 2941 Quare
1321 2856 1485 2934 volumus
1496 2873 1535 2935 et
1547 2864 1697 2940 firmiter
1708 2894 1789 2966 pre·

448 2963 707 3057 cipimusquod
726 2963 876 3057 predidii
890 2964 1019 3037 fratres
1035 2975 1074 3037 et
1091 2988 1215 3038 eorum
1231 2968 1394 3044 homines
1418 2969 1641 3068 possessiones
1658 2991 1698 3053 et
1715 2984 1788 3057 eie-

447 3070 602 3145 mosrnas
615 3071 696 3145 suas
712 3073 871 3147 habeant
884 3084 923 3147 et
935 3084 1087 3150 teneant
1100 3101 1183 3150 cum
1193 3082 1360 3156 omnibus
1373 3084 1597 3163 libertatibus
1614 3101 1653 3163 et
1664 3092 1786 3170 liberis

446 3176 768 3258 consuetudinibus
793 3199 833 3260 et
849 3189 1066 3284 quietanoijs
1082 3187 1153 3263 suis
1178 3193 1215 3264 in
1238 3193 1343 3268 bosco
1359 3207 1406 3288 wet
1422 3197 1529 3291 pleno
1546 3203 1583 3273 in
1609 3208 1721 3298 pratis
1746 3222 1785 3283 et

445 3293 599 3391 pasturis
616 3297 654 3369 in
667 3299 770 3391 aquis
786 3297 1002 3370 moleridinis
1019 3296 1157 3374 semitis
1174 3313 1212 3375 et
1228 3305 1296 3400 vijs
1312 3316 1351 3381 et
1375 3305 1506 3405 stagnis
1522 3321 1561 3383 et
1585 3316 1730 3412 vinarijs
1747 3323 1784 3394 in

445 3403 603 3502 marelijs
620 3419 660 3480 et
676 3406 833 3507 piscarijs
859 3412 896 3482 in
913 3413 1072 3508 grangijs
1089 3421 1128 3486 et
1154 3415 1320 3512 virgultis
1336 3421 1429 3493 infra
1444 3421 1598 3518 burgum
1623 3437 1661 3500 et
1679 3441 1784 3506 extra

444 3543 528 3594 curn
541 3517 643 3594 socca
659 3529 698 3592 et
711 3518 811 3594 sacca
827 3531 866 3594 et
878 3520 944 3593 toll
962 3531 1001 3594 et
1014 3525 1116 3597 them
1134 3535 1175 3598 et
1192 3529 1487 3626 infangnndtbese
1498 3535 1784 3640 girthebrekyng

444 3630 676 3728 flemyngrith
691 3634 847 3706 murthir
856 3642 896 3705 et
910 3632 1100 3708 latrocinio
1113 3647 1151 3710 et
1161 3635 1376 3714 larsemento
1388 3644 1480 3717 infra
1491 3656 1633 3743 tempus
1645 3652 1784 3749 respec-

442 3743 521 3815 tiue
538 3754 576 3815 et
603 3745 640 3814 in
659 3744 828 3817 omnibns
845 3744 934 3817 loeis
950 3756 989 3819 et
1006 3770 1089 3819 cum
1116 3749 1282 3823 omnibns
1299 3751 1411 3826 causm
1434 3779 1505 3850 qne
1528 3759 1611 3834 sunt
1636 3765 1694 3837 vel
1711 3764 1783 3841 elle

338 3889 340 3894 ·
441 3848 586 3948 possunt
604 3895 612 3913 ·
636 3853 880 3932 Concedimus
896 3857 1008 3930 etiam
1026 3860 1063 3930 in
1081 3869 1295 3954 perpetuum
1313 3865 1407 3959 qnod
1432 3871 1581 3962 prediti
1599 3875 1727 3951 fratres
1744 3893 1783 3952 et

442 3987 569 4038 eornm
593 3965 761 4040 homines
777 3969 893 4062 quieti
910 3964 982 4040 sint
998 3969 1045 4042 ds
1069 3967 1318 4069 misericordijs
1333 3989 1371 4048 et
1396 3981 1492 4073 quod
1512 3978 1576 4076 ipss
1594 3996 1633 4058 et
1657 4011 1783 4062 omnes

442 4077 608 4151 homines
623 4074 678 4149 sui
704 4078 808 4151 liberi
833 4073 905 4155 sint
929 4080 976 4153 ab
1001 4082 1100 4155 omni
1118 4080 1232 4158 scotto
1249 4096 1289 4159 et
1311 4088 1408 4183 gildo
1434 4103 1473 4163 et
1497 4096 1663 4171 omnibus
1679 4104 1783 4174 auxi·

441 4189 501 4285 lijs
510 4212 638 4285 regum
651 4197 691 4262 et
703 4192 958 4266 vicecomitum
972 4203 1011 4265 et
1024 4195 1187 4267 omnium
1196 4195 1438 4273 ministrorum
1451 4226 1573 4277 eorum
1586 4218 1625 4281 et
1638 4231 1782 4307 wapyn-

441 4299 533 4374 thak
549 4310 589 4374 et
605 4303 827 4376 exercitibus
844 4303 987 4400 placitis
1004 4315 1044 4380 et
1064 4305 1219 4401 querelis
1244 4312 1362 4386 warda
1379 4324 1418 4387 et
1434 4315 1570 4390 relcuio
1586 4329 1626 4392 et
1642 4322 1688 4394 de
1704 4346 1782 4419 om·

440 4412 550 4485 nibus
562 4413 731 4508 operibus
743 4411 972 4489 castellorum
986 4441 1173 4514 parcorum
1187 4423 1351 4516 pontium
1369 4425 1608 4502 clausurarum
1626 4443 1665 4506 et
1681 4441 1779 4510 omni

440 4525 596 4623 caringio
614 4520 813 4624 summagio
829 4538 868 4601 et
887 4531 1033 4629 nauigio
1054 4543 1094 4604 et
1114 4532 1286 4606 domuum
1309 4537 1480 4634 regalium
1498 4539 1725 4620 edificatione
1741 4561 1779 4622 et
