4564 5968
483 720 567 815 xa]
948 723 1351 799 Annanonnnsn.
1752 735 1823 804 raa

483 919 579 1102 hellen
599 942 709 992 vnum
728 922 911 1017 corporale
923 926 968 996 ad
982 925 1096 998 altare
1113 925 1221 997 sandi
1236 924 1414 998 Columba
1432 948 1478 994 ex
1496 925 1591 996 dono
1609 922 1821 1018 thesaurarij

482 1031 663 1218 Reman&
675 1143 815 1219 sudaria
831 1172 912 1220 cum
931 1150 1070 1222 duabus
1087 1145 1215 1219 casulis
1227 1187 1235 1202 ·
1249 1145 1345 1216 Item
1357 1167 1468 1216 vnum
1485 1147 1633 1240 peplum
1651 1147 1697 1218 de
1710 1144 1821 1218 serico

531 1280 596 1350 pro
613 1257 778 1354 episeopo
797 1303 804 1318 ·

481 1367 846 1467 Itamvnnmnapkyn
859 1395 923 1466 pro
933 1373 1078 1442 domino
1089 1365 1368 1461 episeopo-Item
1384 1392 1491 1441 vnum
1504 1371 1631 1465 quayff
1635 1373 1680 1443 de
1690 1369 1819 1444 serico·

758 1723 764 1734 ·
803 1705 1054 1777 Vnsnnranm
1081 1723 1153 1776 nno
1179 1725 1312 1777 nanno
1338 1726 1500 1776 annam·

479 1929 524 2002 In
541 1933 666 2026 primia
683 1951 795 2001 vnum
813 1923 1065 2000 vestimentum
1090 1927 1214 2000 album
1232 1928 1443 2001 deauratum
1461 1950 1543 2001 cnm
1561 1931 1701 2003 duabus
1719 1935 1818 2003 tuni-

526 2045 579 2116 eia
595 2053 636 2115 et
653 2041 792 2114 duabus
810 2037 1011 2112 dalmaticis
1028 2063 1093 2135 pro
1116 2041 1264 2111 domino
1294 2039 1459 2136 episeopo
1485 2065 1531 2113 ex
1558 2044 1652 2114 dono
1678 2044 1817 2116 domini

525 2151 730 2228 Alexandri
748 2149 923 2244 episcopi·

476 2266 572 2340 Item
598 2286 710 2336 vnum
738 2258 993 2334 vestimentum
1018 2262 1141 2336 album
1170 2265 1380 2338 deauratum
1409 2289 1489 2338 anm
1518 2268 1656 2341 duabna
1682 2272 1817 2341 tunicis

526 2379 651 2450 datum
669 2397 733 2468 per
750 2374 935 2445 dominum
953 2373 1159 2469 episcopum
1176 2375 1426 2448 Alexandrum
1445 2419 1454 2436 ·

475 2490 571 2564 Item
606 2510 717 2560 vnum
750 2484 1004 2558 vestimentum
1039 2487 1085 2559 da
1111 2486 1222 2561 serico
1248 2489 1361 2560 rubeo
1388 2513 1471 2562 cum
1497 2503 1653 2583 quatuor
1681 2493 1815 2564 tunicis

524 2601 649 2674 datum
667 2622 731 2693 per
748 2599 933 2670 dominum
951 2595 1155 2693 episcopum
1173 2598 1426 2672 Alexandrum
1444 2642 1452 2659 ·

476 2713 570 2787 Item
597 2709 708 2782 vnum
737 2707 992 2781 vestimentum
1028 2711 1073 2782 de
1100 2709 1183 2782 albo
1209 2710 1319 2784 l'erico
1343 2712 1554 2784 deauratum
1586 2735 1669 2784 cum
1698 2714 1815 2786 tribus

522 2823 614 2898 albia
630 2834 670 2895 at
685 2823 824 2894 amidis
840 2844 904 2916 par
920 2820 1126 2916 episcopum
1143 2821 1350 2896 Gilbertum
1370 2861 1378 2880 ·

476 2936 569 3009 llem
597 2958 708 3006 vnum
735 2930 989 3006 vestimentum
1014 2957 1097 3005 cnm
1124 2935 1263 3008 duabus
1281 2937 1413 3007 tunicis
1430 2937 1475 3008 ‹le
1501 2937 1698 3032 clrarbukyl
1718 2940 1813 3008 elix

522 3049 621 3142 petie
638 3047 723 3119 data
741 3067 805 3140 per
822 3044 1073 3118 Alexandrum
1091 3042 1296 3140 episcopum
1314 3088 1322 3104 ·

473 3162 569 3233 ltem
588 3182 699 3231 vnum
718 3154 971 3231 vestimentum
989 3160 1035 3230 de
1052 3160 1157 3230 rubia
1182 3159 1394 3231 deauratum
1412 3181 1496 3230 enm
1514 3159 1653 3231 duabus
1678 3161 1813 3231 tunicis

521 3272 613 3344 albis
630 3280 669 3344 et
686 3271 825 3342 amidis
841 3278 880 3341 et
896 3272 1027 3342 ceteris
1052 3270 1179 3342 datum
1205 3294 1271 3365 per
1294 3270 1480 3342 dominnm
1503 3267 1703 3344 llenriuum
1722 3270 1814 3364 epis·

520 3406 652 3479 copum
669 3379 954 3454 Abirdonensem
973 3422 982 3439 ·

474 3497 568 3570 Item
604 3517 714 3567 vnum
750 3490 1003 3566 vestimentum
1029 3494 1075 3565 de
1098 3493 1229 3565 blaueo
1254 3491 1362 3565 serico
1378 3499 1382 3512 '
1397 3515 1480 3564 eum
1510 3493 1648 3566 duabus
1678 3496 1813 3566 tunicis

522 3609 649 3682 datum
673 3631 738 3701 per
754 3602 960 3702 magistrum
980 3605 1182 3678 Henricum
1201 3605 1330 3700 Rynda
1348 3602 1605 3677 thesaurarium
1625 3646 1633 3662 ·

472 3720 567 3793 Item
585 3741 696 3791 vnum
716 3714 967 3790 vestimentum
993 3718 1039 3791 de
1063 3719 1176 3790 rubeo
1202 3715 1313 3790 serico
1330 3716 1541 3788 deauratum
1567 3738 1650 3787 eum
1669 3716 1810 3789 duabus

520 3833 653 3905 tunicis
670 3832 796 3903 dutum
814 3853 878 3924 per
892 3827 1096 3924 episcopum
1114 3827 1365 3901 Alexandrum
1383 3865 1392 3883 ·

471 3943 565 4017 Item
585 3966 696 4013 vnum
715 3938 966 4014 vestimentum
984 3942 1136 4014 rubeum
1154 3963 1237 4014 eum
1256 3939 1395 4012 duabus
1422 3941 1554 4011 tunicis
1578 3949 1743 4033 emptum
1762 3941 1809 4011 de

520 4054 704 4128 communi
721 4052 826 4126 bursa
841 4055 1114 4126 canonicorum·

471 4168 567 4240 ltem
584 4187 697 4237 vnum
715 4160 967 4236 vestimentum
984 4165 1098 4238 m'ride
1114 4187 1198 4236 enm
1225 4163 1355 4235 amatia
1380 4173 1419 4233 et
1443 4165 1574 4234 cetaria
1599 4163 1725 4235 datum
1744 4187 1810 4257 per

519 4277 707 4352 dominum
723 4274 929 4349 Gilbertam
946 4275 1151 4372 episcopum
1168 4316 1178 4333 ·

470 4392 566 4465 Item
585 4411 696 4462 vnum
714 4383 968 4460 vestimentum
994 4387 1117 4462 album
1135 4386 1181 4459 de
1202 4383 1356 4459 fustiana
1380 4407 1444 4478 pro
1470 4384 1654 4458 ferialibus
1678 4385 1808 4458 diebus

519 4501 732 4575 cumtribna
749 4497 937 4572 albiacum
955 4500 1185 4595 pertinentiis
1203 4539 1212 4558 ·

471 4615 566 4690 Item
585 4635 697 4686 vnum
715 4605 968 4684 vestimentum
994 4612 1041 4686 de
1064 4611 1180 4707 burgo
1205 4610 1389 4684 alexandri
1414 4632 1498 4682 eum
1527 4609 1611 4682 albo
1628 4619 1668 4682 et
1683 4622 1807 4682 ameta
