4526 5954
489 701 561 764 249
1012 689 1319 765 REGISTRUM
1684 697 1835 793 [reruni

492 891 667 966 ultionem
694 893 851 966 adducet
875 889 1125 964 retributionis
1151 887 1240 960 deus
1266 887 1340 983 ipse
1358 891 1480 962 veniet
1505 900 1545 961 et
1569 890 1722 966 suluubit
1744 917 1832 967 nur·

492 1014 581 1077 tune
597 1007 806 1100 aperientur
831 1004 926 1078 oculi
944 1023 1112 1076 cecorum
1137 1009 1177 1074 et
1194 1023 1298 1073 auree
1316 997 1501 1074 surdorum
1528 1003 1727 1096 patebunt·
1746 1017 1833 1078 tuno

492 1114 595 1190 suliet
622 1115 714 1190 iicut
737 1141 868 1190 ceruus
893 1115 1044 1189 claudus
1061 1124 1101 1186 et
1125 1121 1252 1208 aperte
1274 1114 1344 1185 erit
1369 1112 1495 1210 lingua
1519 1125 1703 1186 mutorum
1721 1157 1731 1174 ·
1749 1119 1834 1208 quin

492 1225 592 1301 sciffo
608 1227 692 1302 sunt
711 1231 749 1301 in
766 1225 907 1303 deserto
932 1250 1026 1321 nque
1050 1236 1090 1300 et
1115 1235 1296 1299 torrentes
1312 1226 1351 1296 in
1369 1221 1588 1298 solitudine·
1605 1236 1645 1298 et
1662 1248 1733 1318 que
1754 1245 1832 1300 erut

493 1342 593 1415 arida
608 1343 647 1414 in
665 1337 829 1437 stagnum
854 1351 894 1414 et
910 1336 1035 1414 fitieus
1050 1342 1090 1413 iu
1107 1339 1227 1412 fontes
1244 1360 1416 1432 aquarum
1432 1380 1441 1397 ·
1459 1339 1511 1409 nit
1527 1337 1694 1410 dominun
1718 1343 1832 1410 omni-

354 1537 361 1554 ,
492 1465 642 1547 potens·

696 1785 918 1856 Proruncii
934 1803 1097 1856 reneri·
1116 1783 1262 1859 lai-:erro
1280 1783 1385 1858 Iriur
1403 1805 1623 1858 rnorunrn·

545 2008 628 2081 Hec
659 2009 748 2080 dicit
776 2007 945 2079 dominus
975 2003 1096 2100 Super
1118 2017 1282 2078 montem
1317 2007 1500 2081 excelsum
1527 2006 1680 2083 nsueude
1704 2020 1746 2082 tu
1771 2011 1832 2102 qui

496 2118 719 2216 euangelisur
735 2117 835 2213 Syon
853 2116 977 2190 exaltu
993 2118 1031 2188 in
1049 2117 1264 2190 fortitudine
1281 2140 1405 2190 vocem
1422 2128 1523 2190 tunm
1534 2123 1594 2214 qui
1613 2117 1833 2217 euangelista

497 2230 724 2305 Hierusalem
755 2271 765 2287 ·
791 2229 914 2302 exulta
931 2227 1006 2301 noli
1033 2229 1164 2301 timere
1182 2269 1191 2287 ·
1210 2229 1269 2300 dic
1295 2230 1504 2302 ciuitatibus
1524 2228 1614 2304 Iude
1631 2231 1728 2305 Ecce
1743 2234 1832 2306 deur

496 2340 613 2416 vester
629 2367 715 2416 ecce
740 2343 908 2414 dominus
930 2341 1020 2413 deur
1047 2329 1318 2414 infortitudine
1345 2343 1467 2414 veniet
1492 2355 1531 2414 et
1552 2343 1739 2416 bruchium
1755 2346 1832 2416 eius

496 2456 767 2530 dominabitur·
792 2477 877 2528 eece
893 2449 1034 2527 meroes
1059 2455 1138 2527 eius
1162 2476 1246 2526 num
1264 2477 1308 2526 eo
1324 2462 1364 2528 et
1386 2475 1477 2546 opur
1497 2451 1593 2525 illiue
1610 2477 1729 2527 uorum
1747 2455 1833 2528 iilo·

495 2566 600 2640 Siout
617 2563 738 2661 pastor
748 2589 895 2663 gregem
914 2563 1017 2638 suurn
1034 2564 1157 2660 puscet
1174 2567 1212 2636 in
1229 2565 1375 2638 bruchio
1391 2560 1455 2637 suo
1471 2563 1705 2661 tongregubit
1721 2590 1831 2662 agnou

495 2691 535 2751 et
552 2681 587 2751 in
608 2677 686 2752 iinu
703 2677 766 2751 suo
785 2677 922 2752 leuubit
939 2699 1002 2751 eos
1018 2678 1187 2750 dominus
1203 2678 1294 2750 deus
1311 2674 1450 2750 noster·

691 3015 854 3098 Quium
872 3031 1087 3084 ΡΒΟΡΗΕΟΙΔ
1103 3051 1112 3070 ·
1127 3011 1272 3084 litorio
1290 3008 1394 3083 ISME
1412 3031 1635 3086 enomere·

545 3239 627 3312 lieu
645 3239 736 3310 dicit
759 3235 925 3308 dominus
942 3230 1086 3307 Christo
1103 3255 1185 3304 meo
1211 3235 1307 3328 Cyro
1324 3236 1427 3307 cuius
1444 3237 1665 3330 apprehendi
1681 3239 1830 3312 dexteru

497 3367 535 3424 vt
552 3347 737 3446 subijeinm
760 3357 847 3422 unte
871 3348 998 3418 faciem
1026 3346 1104 3416 eius
1123 3360 1251 3440 gentes
1277 3359 1315 3419 et
1332 3347 1435 3421 dorsu
1459 3371 1584 3444 regum
1602 3361 1768 3424 vertum·
1791 3365 1830 3424 et

495 3465 653 3560 aperiam
681 3483 800 3534 corum
820 3481 863 3530 eo
881 3459 1006 3530 iunuus
1024 3497 1033 3514 ·
1051 3469 1090 3529 et
1109 3465 1212 3552 porte
1237 3481 1308 3530 non
1327 3457 1544 3532 claudentur
1559 3501 1568 3519 ·
1593 3461 1672 3558 Ego
1687 3473 1774 3536 tute
1791 3477 1829 3534 te

494 3577 555 3650 ibo
572 3589 611 3648 et
636 3570 807 3670 gloriosos
824 3583 921 3642 terre
939 3568 1160 3641 humiliabo·
1187 3581 1309 3664 portur
1326 3593 1427 3644 errae
1452 3581 1637 3646 conteram
1655 3584 1694 3646 et
1710 3577 1829 3646 redes

494 3691 628 3762 ferreus
644 3685 868 3780 coniriugum
896 3723 905 3741 ·
924 3693 963 3754 et
980 3681 1075 3754 dubo
1091 3681 1159 3754 tibi
1177 3679 1362 3755 thesauros
1378 3679 1604 3758 absconditor
1619 3696 1660 3758 et
1675 3685 1829 3759 archana

494 3799 712 3874 secretorum
731 3808 772 3869 vt
789 3792 878 3868 scius
895 3795 981 3886 quin
998 3817 1067 3890 ego
1093 3794 1261 3866 dominns
1277 3796 1339 3887 qui
1358 3816 1447 3868 voro
1463 3817 1596 3869 nomen
1613 3807 1718 3870 tuum
1741 3799 1828 3870 deur

494 3909 629 3986 lsruhei
654 3949 666 3968 ·
684 3917 832 4004 propter
850 3905 993 3978 seruum
1018 3927 1140 3978 meum
1165 3903 1276 3980 Innob
1299 3917 1339 3979 et
1356 3903 1492 3980 Israhel
1514 3906 1667 3982 etenum
1686 3931 1827 3982 meum·

495 4025 545 4100 Et
561 4022 690 4098 uocaui
708 4029 747 4092 te
763 4019 910 4091 nomine
927 4029 992 4090 tuo
1009 4011 1208 4091 uffimulrui
1226 4027 1266 4090 te
1282 4027 1321 4088 et
1337 4037 1411 4088 non
1427 4015 1624 4114 cognouisti
1640 4041 1700 4092 ure
1717 4059 1728 4078 ·
1750 4019 1829 4116 Ego

492 4137 662 4212 dominus
679 4144 718 4206 et
735 4153 808 4204 non
826 4125 881 4202 est
896 4127 1072 4224 amplius·
1089 4139 1194 4204 extru
1209 4152 1271 4202 nie
1286 4151 1358 4200 non
1376 4125 1431 4202 est
1448 4129 1537 4204 deur
1553 4171 1562 4190 ·
1580 4133 1722 4206 techni
1734 4143 1773 4206 te
1789 4145 1827 4206 et

493 4273 566 4324 non
592 4241 792 4344 cognouisti
817 4263 879 4315 me
898 4281 908 4300 ·
931 4249 972 4312 rt
997 4236 1112 4314 sciunt
1136 4239 1174 4313 hi
1199 4243 1261 4336 qui
1277 4239 1424 4314 abortu
1439 4237 1523 4314 solis
1538 4255 1578 4316 et
1594 4245 1656 4338 qui
1673 4243 1720 4316 ab
1735 4245 1828 4316 oeci·

492 4365 605 4436 dente
622 4401 633 4420 ·
650 4351 970 4453 qnoniemubsque
986 4373 1137 4426 menon
1154 4347 1209 4426 est
1223 4354 1314 4427 deur
1327 4391 1336 4412 ·
1350 4351 1429 4450 Ego
1446 4353 1613 4428 dominun
1628 4366 1669 4429 et
1685 4377 1757 4428 uon
1774 4353 1827 4430 est

492 4474 608 4550 ulter·
627 4475 786 4546 formans
802 4467 922 4540 lurum
941 4477 981 4540 et
996 4487 1124 4539 creans
1140 4464 1309 4540 tenebrur
1327 4503 1336 4524 ·
1353 4465 1489 4540 furiens
1506 4489 1632 4562 pacem
1648 4481 1688 4542 et
1704 4489 1827 4542 uretur
