4564 5968
436 587 502 660 179
949 575 1259 651 REGISTRUM
1624 579 1775 676 [ascum

433 780 693 853 celebrantium
715 781 761 854 ad
784 779 899 854 altare
925 773 1053 849 Sancti
1078 772 1229 844 Audree
1245 767 1500 846 custodiendus
1528 777 1625 849 inter
1648 778 1775 852 localia

434 887 580 965 ecclesre
596 915 643 964 ex
661 889 804 987 speciali
821 889 992 962 mandato
1010 884 1149 955 domini
1165 877 1277 956 nostri
1294 881 1449 979 episcopi
1467 921 1476 940 ·

434 1003 529 1078 ltcm
545 1004 618 1077 duo
637 1006 748 1101 pauni
764 994 1026 1077 attrebatenses
1043 997 1275 1069 continentes
1287 991 1471 1067 historiam
1488 994 1609 1070 nostre
1628 998 1774 1076 domine

432 1116 478 1189 ad
498 1117 634 1190 boriam
660 1126 700 1190 et
723 1107 978 1211 prophetasad
995 1103 1156 1180 austrum
1181 1107 1363 1202 pendendi
1389 1107 1516 1180 diebus
1533 1106 1774 1207 solempnibus

433 1231 470 1300 in
487 1229 595 1302 choro
621 1251 703 1301 oum
717 1249 789 1299 vna
805 1217 893 1296 cista
908 1220 955 1292 ad
972 1217 1286 1294 conseruationem
1304 1220 1501 1292 eorundem
1520 1261 1528 1278 ·
1548 1219 1598 1292 Et
1613 1217 1775 1297 similiter

431 1363 514 1413 cum
534 1338 731 1434 exemplari
756 1332 953 1410 eorundem
979 1332 1123 1429 depicto
1147 1333 1193 1406 ad
1219 1333 1451 1428 pendendum
1468 1334 1507 1404 iu
1523 1333 1631 1405 choro
1646 1333 1772 1409 diebus

433 1450 614 1523 ferialibus
644 1448 769 1521 donati
795 1469 860 1540 per
877 1445 1122 1518 uenerabilem
1152 1455 1193 1518 et
1212 1447 1397 1544 egregium
1423 1446 1541 1516 virum
1562 1441 1769 1541 magistrum

432 1562 616 1634 Andream
630 1558 726 1632 Liell
736 1555 995 1630 thesaurarium
1007 1579 1050 1630 ac
1066 1556 1257 1631 officialem
1278 1581 1420 1632 necnon
1434 1557 1612 1630 rectorem
1629 1559 1771 1632 uniuer-

433 1667 545 1746 srtatis
567 1665 886 1744 Abberdonensrs·
940 1665 991 1739 Et
1009 1691 1120 1740 vnum
1146 1669 1260 1742 aliurn
1277 1693 1437 1765 panum
1455 1670 1501 1742 de
1518 1667 1655 1742 Radice
1671 1667 1768 1744 Jelle

430 1784 648 1877 pendentem
664 1780 769 1876 snper
780 1779 884 1854 stallo
899 1780 1026 1852 decani
1039 1778 1067 1873 ·]

430 2115 661 2190 Thesauraria
696 2113 846 2190 ecclesie
874 2115 1092 2188 cathedralis
1131 2115 1418 2191 Abbirdonenirs
1454 2115 1621 2192 ricefimo
1658 2121 1767 2192 tertio

477 2229 614 2324 Aprilis
639 2250 705 2323 per
730 2227 919 2302 Decanum
937 2239 977 2300 et
994 2227 1205 2322 Capitulum
1232 2227 1392 2304 eiusdem
1409 2241 1554 2325 reperta
1569 2241 1608 2304 et
1626 2227 1767 2305 vilitate

476 2365 570 2415 auno
588 2339 737 2412 Domini
755 2360 940 2413 mmxvrrr
961 2380 969 2396 ·

431 2539 620 2660 imprimis
633 2565 749 2638 decim
767 2564 898 2638 calices
914 2565 1057 2662 argenti
1068 2565 1232 2637 deaurati
1246 2586 1331 2636 cum
1344 2564 1500 2636 totidem
1517 2566 1658 2658 patenis
1671 2604 1681 2621 ·
1694 2588 1765 2638 vna

426 2683 650 2775 demptaque
661 2671 716 2749 est
726 2676 838 2772 Capri
848 2675 967 2750 ·Crux
977 2676 1557 2773 maguaargeuteadeauratacuur
1568 2676 1764 2771 pcdefixc·

425 2792 558 2865 Altera
574 2811 663 2862 crux
691 2783 955 2883 procellioualis
972 2783 1140 2860 {imiliter
1163 2796 1338 2882 argentea
1361 2790 1398 2859 iu
1416 2784 1558 2881 quaest
1578 2811 1659 2884 pars
1676 2787 1763 2887 ligni

428 2903 543 2976 lausto
573 2901 714 2974 crucis·
743 2898 829 2970 Vna
846 2893 1011 2970 similiter
1032 2921 1122 2971 cmx
1148 2907 1323 2992 argentea
1344 2899 1517 2973 deaurata
1533 2901 1569 2972 in
1588 2923 1659 2994 qua
1675 2899 1763 2975 alias

431 3017 539 3088 luerit
556 3007 690 3084 inclusa
707 3032 787 3104 pars
805 3009 892 3104 ligni
920 3011 1036 3080 crucis
1054 3010 1129 3081 diui
1148 3009 1298 3082 Audrca
1323 3006 1474 3105 apostoli
1492 3051 1500 3068 ·
1520 3010 1658 3096 Quarta
1674 3035 1762 3086 crux

428 3136 598 3224 argenteo
614 3146 697 3196 cum
710 3131 865 3215 quatuor
875 3117 1007 3194 vinclis
1017 3120 1247 3216 ymaginibus
1261 3145 1343 3194 cum
1357 3124 1466 3195 ramis
1479 3122 1607 3217 lapidis
1624 3123 1737 3196 corilli
1752 3167 1761 3183 ·

425 3238 594 3311 Annulus
604 3236 681 3308 auri
695 3257 779 3306 oum
790 3233 910 3325 lapide
924 3230 1055 3304 coloris
1062 3233 1186 3305 viridis
1200 3272 1209 3290 ·
1223 3230 1368 3307 Monile
1380 3236 1458 3307 auri
1473 3232 1651 3329 lapidibus
1661 3258 1764 3309 orna·

424 3364 502 3424 tum
518 3342 684 3444 preciosus
700 3383 709 3402 ·
726 3344 898 3417 Annulus
914 3346 1058 3439 urgenti
1071 3345 1109 3416 in
1122 3367 1195 3437 quo
1206 3345 1565 3440 comprehenduntur
1577 3349 1762 3443 ymagines

423 3461 582 3536 crucifixi
600 3458 685 3531 diue
703 3459 849 3552 virginis
865 3466 906 3528 et
922 3456 1020 3528 beuti
1034 3455 1236 3529 lobannis·
1248 3455 1442 3530 Brachium
1454 3469 1666 3554 argenteum
1676 3483 1759 3532 oum

424 3575 585 3669 reliquijs
594 3571 693 3646 beati
707 3563 865 3665 Fergusrj
878 3563 1044 3639 similitor
1059 3577 1229 3640 ornatum
1244 3568 1423 3664 lapidibus
1439 3567 1603 3663 protiofis
1620 3611 1629 3628 ·
1644 3569 1761 3644 Euca-

424 3683 520 3760 ristia
535 3707 669 3780 cupreo
681 3685 854 3756 deaurata
869 3703 934 3774 pro
944 3677 1009 3752 vsu
1023 3679 1118 3752 diste
1129 3676 1511 3774 ecclesrequotodiano
1527 3721 1536 3740 ·
1562 3680 1690 3755 locale
1706 3707 1761 3755 ar·

423 3809 596 3896 gentoum
606 3797 819 3868 deauratum
829 3817 912 3866 curn
926 3790 1127 3865 fundorum
1138 3794 1246 3887 varijs
1257 3792 1419 3889 reliquijs
1429 3790 1760 3867 cristallovidelioet

425 3925 464 3986 et
480 3909 658 4007 lapidibus
675 3902 838 4002 pretiosis
848 3917 1082 4001 perornatum
1101 3947 1110 3964 ·
1131 3902 1331 3980 Eucaristia
1345 3916 1518 4002 argentea
1533 3907 1704 3980 deaurata
1720 3909 1757 3980 iu

422 4020 709 4097 solemnitatibus
726 4019 811 4092 anui
829 4016 1026 4090 deserenda
1042 4013 1154 4090 instar
1171 4019 1279 4090 torris
1295 4041 1342 4091 ex
1360 4019 1454 4090 dono
1471 4017 1567 4092 bono
1586 4023 1759 4092 memorie

420 4135 680 4226 reuerendiquc
695 4131 807 4226 patris
824 4126 976 4202 Heurici
992 4129 1161 4223 Lychton
1178 4125 1463 4203 Abbirdouenlrs
1475 4130 1630 4227 episcopi
1647 4170 1658 4189 ·
1674 4129 1758 4205 Due

363 4259 370 4278 ·
420 4248 527 4320 thece
538 4268 585 4318 ex
601 4240 781 4318 audoalco
798 4241 970 4313 deaurato
982 4263 1049 4336 prc
1065 4237 1227 4316 custodia
1243 4241 1497 4338 reliquiarum·
1515 4241 1687 4316 Annnlus
1703 4267 1758 4317 ar·

418 4359 521 4456 genti
531 4359 569 4430 iu
586 4378 658 4453 quo
670 4351 815 4452 estpars
826 4352 955 4448 lapidis
965 4353 1146 4428 Columue
1159 4393 1168 4412 ·
1180 4353 1563 4429 Annulusetiamauri
1574 4356 1662 4429 alias
1671 4381 1756 4431 cou-

418 4467 529 4545 oell'us
541 4467 794 4565 perqucndam
811 4463 965 4538 Eleuam
979 4463 1162 4561 Lyclrtou·
1171 4467 1282 4563 Lapis
1292 4463 1509 4541 cristallinus
1521 4481 1730 4566 argentatus
1744 4509 1752 4523 ·
