4590 5954
495 713 603 808 x111.]
968 721 1372 797 ABnnDONENsu.
1796 739 1840 804 13

493 915 684 986 interdida
708 940 772 1011 pro
794 916 864 992 suis
889 923 1093 1017 confratrije
1117 920 1179 993 seu
1205 918 1405 994 elemosinis
1430 918 1641 1014 colligendis
1663 920 1772 996 semel
1799 929 1836 998 in

492 1049 587 1097 anno
613 1025 692 1100 loca
716 1027 783 1103 ista
809 1033 965 1108 debeant
990 1035 1120 1130 aperiri
1146 1033 1241 1124 quod
1259 1033 1304 1103 ad
1323 1032 1525 1102 diuinorum
1552 1031 1835 1106 celebrationem

492 1139 531 1209 in
557 1137 645 1211 locis
672 1141 871 1217 huiusmodi
897 1146 1112 1218 nominatim
1138 1143 1440 1215 excommunicati
1469 1142 1677 1216 nullatenus
1704 1146 1836 1217 admit-

491 1259 616 1322 tantur
633 1262 671 1324 et
688 1251 752 1348 ipsr
776 1258 947 1351 precipue
964 1258 1026 1348 qui
1044 1252 1186 1327 causam
1205 1256 1250 1325 de
1267 1251 1492 1325 testamentis
1518 1256 1697 1328 dederunt
1722 1257 1835 1328 inter·

491 1362 586 1434 dioto
604 1403 612 1420 ·
632 1363 868 1439 Prohibemus
885 1369 996 1440 etiam
1013 1366 1109 1457 quod
1130 1363 1330 1436 huiusmodi
1349 1367 1508 1458 exempti
1527 1367 1654 1440 funera
1670 1368 1833 1440 nomina·

489 1475 557 1545 tim
575 1481 966 1552 excommunicatorum
985 1486 1051 1549 aut
1067 1475 1293 1570 publicorum
1311 1486 1539 1570 peccatorum
1558 1491 1597 1550 et
1615 1478 1831 1552 violatorum

490 1584 719 1662 ecelesiarum
745 1601 783 1662 et
809 1590 961 1662 aliorum
988 1587 1118 1679 quibus
1144 1589 1237 1658 vinis
1266 1610 1338 1658 non
1369 1590 1652 1662 communicabit
1681 1587 1831 1663 ecclesia

488 1697 723 1776 ecclesiastice
749 1701 930 1795 sepulture
954 1700 1097 1772 tradere
1122 1721 1195 1770 non
1220 1695 1426 1793 presumant
1448 1743 1457 1759 ·
1481 1697 1506 1771 sr
1534 1724 1618 1772 vero
1644 1703 1682 1774 in
1707 1703 1829 1795 aliquo

487 1823 612 1886 contra
628 1809 791 1908 premissa
807 1813 929 1885 venire
946 1808 1223 1906 presumpserint
1244 1811 1513 1906 priuilegiorum
1532 1812 1734 1887 huiusmodi
1752 1817 1827 1886 sore

486 1925 712 1998 decredimus
741 1921 908 1996 abusores
931 1967 939 1983 ·
962 1921 1055 2017 ipsos
1080 1946 1223 2017 quoque
1248 1924 1293 1995 ad
1319 1921 1485 1996 ecclesias
1512 1924 1592 1998 illas
1618 1926 1827 1998 nullatenus

484 2036 728 2110 admittendos
745 2037 859 2109 donec
880 2035 1150 2108 satisfactionem
1175 2037 1353 2129 ydoneam
1378 2033 1600 2131 prostiterint
1621 2039 1667 2109 de
1692 2037 1826 2111 oliensa

483 2157 522 2220 et
539 2148 634 2240 quod
652 2170 674 2220 a
690 2148 770 2219 loco
787 2145 885 2220 sacro
902 2148 1140 2220 extrahantur
1156 2171 1303 2242 corpora
1320 2144 1367 2221 iic
1385 2146 1524 2242 sepulta
1543 2193 1551 2208 ·

672 2369 802 2443 XXV.
831 2370 888 2444 De
905 2369 1132 2444 testamentis
1150 2383 1187 2444 et
1206 2372 1342 2444 ultimis
1359 2374 1608 2446 voluntatibus
1627 2417 1635 2433 ·

480 2591 736 2666 Statuimuevt
748 2616 831 2666 cum
845 2595 891 2666 de
903 2592 1007 2664 bonis
1019 2594 1059 2664 in
1071 2589 1289 2664 testamento
1306 2593 1457 2665 alicuius
1473 2597 1676 2688 cuicunque
1689 2595 1822 2670 relittis

479 2706 666 2796 ordinarijs
683 2705 843 2776 locorum
860 2713 959 2775 certa
975 2703 1085 2773 suerit
1103 2705 1194 2774 ratio
1212 2703 1375 2774 socienda
1388 2741 1396 2758 ·
1410 2707 1493 2794 quia
1510 2701 1761 2780 Cisteroienses
1778 2733 1820 2782 ac

478 2817 538 2912 alij
561 2818 723 2908 exempti
747 2816 794 2886 ad
819 2810 1019 2886 huiusmodi
1045 2813 1221 2884 rationem
1246 2815 1464 2886 reddendam
1491 2816 1699 2890 nullatenus
1722 2843 1820 2892 com·

477 2927 563 3022 pelli
588 2923 731 3022 poliunt
749 2935 787 2996 vt
805 2926 931 2997 dicunt
948 2924 1045 3019 quod
1071 2922 1224 3020 religiosi
1251 2925 1450 2998 huiusmodi
1478 2938 1691 3002 cxccutorcs
1717 2932 1818 3004 nullo

476 3041 583 3111 modo
599 3034 866 3112 constituantur
889 3061 956 3109 nec
980 3041 1017 3109 in
1043 3036 1164 3130 aliquo
1181 3037 1274 3109 bona
1291 3040 1540 3111 dosnndorum
1566 3040 1814 3116 administrent

475 3152 569 3244 quod
588 3148 613 3222 fi
632 3151 767 3222 fuerint
784 3147 970 3222 constituti
988 3171 1053 3244 pro
1069 3172 1141 3221 non
1160 3146 1365 3222 constitutis
1379 3154 1526 3244 ponitus
1544 3153 1745 3227 habeantur
1763 3201 1771 3218 ·

773 3370 923 3445 XXVI.
950 3370 1007 3446 De
1023 3375 1253 3446 immunitate
1270 3370 1497 3446 ecclesiarum
1518 3415 1525 3428 ·

474 3600 678 3674 Statuimus
701 3598 796 3690 quod
822 3597 1003 3692 fugientes
1017 3597 1063 3669 ad
1079 3592 1264 3669 ecclesiam
1283 3596 1522 3668 defendantur
1538 3599 1584 3670 ab
1601 3599 1727 3672 cadem
1746 3600 1812 3675 nisr

473 3714 608 3786 fuerint
635 3711 765 3805 notorij
789 3707 1065 3803 depopulatores
1090 3729 1255 3802 agrorum
1278 3717 1342 3780 aut
1367 3708 1501 3803 publici
1519 3723 1558 3781 et
1576 3714 1706 3806 notorij
1733 3737 1813 3808 prc-

472 3825 584 3897 doner
601 3825 739 3896 riarum
765 3819 989 3915 publicarum
1014 3829 1079 3892 ant
1103 3814 1282 3891 manifesti
1304 3819 1494 3893 violatores
1518 3832 1583 3893 ant
1608 3822 1812 3900 eumoores

471 3931 702 4008 eeclesiarum
728 3929 789 4005 seu
812 3955 834 4004 a
858 3954 996 4004 canone
1022 3930 1080 4002 vel
1109 3931 1156 4004 ab
1182 3931 1328 4003 homino
1354 3936 1656 4006 excommunicati
1681 3938 1811 4028 quibua

472 4044 610 4120 casibus
626 4046 745 4119 adhuc
761 4042 845 4116 sunt
862 4045 988 4116 tuendi
1007 4043 1123 4115 donec
1138 4038 1356 4138 dyocesanus
1373 4043 1430 4116 vel
1448 4045 1526 4117 cius
1543 4046 1705 4120 officialis
1729 4073 1811 4145 pro·

472 4159 700 4232 nunciauerit
716 4154 983 4230 sentencialiter
999 4177 1061 4228 eoo
1077 4156 1124 4228 ab
1140 4150 1291 4228 ecclesia
1307 4178 1379 4228 non
1398 4152 1465 4229 elle
1483 4157 1728 4233 defendendos
1745 4204 1753 4220 ·

876 4376 1049 4452 XXVII.
1075 4377 1172 4452 Item
1188 4379 1234 4453 de
1251 4379 1378 4452 eodem
1395 4417 1404 4436 ·

471 4607 685 4684 Adicienter
706 4602 803 4699 quod
832 4601 954 4676 nullm
979 4603 1132 4677 vicariae
1158 4598 1220 4677 seu
1244 4598 1428 4700 presbyter
1452 4602 1516 4678 seu
1541 4603 1694 4680 clericus
1717 4607 1810 4682 aliua
