4526 5954
440 751 547 846 xiii]
912 755 1319 832 Annnnousiisn.
1714 765 1781 836 291

437 946 607 1044 magister
622 963 659 1025 et
674 955 802 1029 fratres
818 957 983 1054 predit'te
996 956 1135 1050 capelle
1148 953 1210 1027 sue
1223 958 1260 1026 in
1275 964 1490 1047 perpetuum
1504 961 1651 1046 propter
1662 953 1784 1028 causas

437 1057 598 1156 superius
614 1062 806 1163 assignatas
823 1079 862 1142 et
880 1070 978 1141 idem
999 1070 1056 1139 ius
1081 1069 1171 1138 adeo
1198 1067 1352 1135 liberum
1370 1059 1462 1134 sicut
1479 1061 1590 1156 ipsam
1608 1065 1783 1157 capellam

436 1169 535 1245 saluo
551 1177 630 1250 iure
647 1181 768 1276 vicarij
795 1182 964 1274 perpetui
981 1175 1195 1272 parochialis
1221 1169 1372 1245 ecclesie
1389 1175 1435 1246 de
1453 1173 1581 1247 Cultre
1598 1176 1782 1248 habebunt

436 1295 476 1356 et
494 1291 672 1363 tenebunt
689 1294 727 1364 in
744 1301 964 1386 perpetuum
979 1329 988 1346 ·
1005 1285 1206 1359 Reddendo
1223 1282 1439 1358 monasterio
1453 1288 1612 1379 preditto
1630 1289 1676 1359 de
1693 1287 1784 1360 Kal-

436 1397 539 1471 chow
566 1406 756 1476 annuatim
786 1425 852 1496 pro
883 1394 1217 1490 recompensatione
1247 1397 1431 1470 fruetuum
1465 1410 1504 1470 et
1537 1411 1780 1495 prouentnum

435 1532 524 1601 quos
549 1515 646 1587 idem
672 1509 933 1586 monasterium
959 1510 1006 1580 de
1031 1509 1138 1578 terris
1165 1509 1333 1600 prodistis
1361 1508 1556 1605 Kymoolsy
1583 1507 1780 1604 Estertiilly

435 1625 549 1697 etde
580 1635 731 1717 vtraque
759 1621 957 1713 Delibnrry
983 1630 1023 1690 et
1053 1619 1259 1690 hominibus
1293 1620 1541 1694 habitantibus
1574 1623 1610 1694 in
1646 1620 1779 1696 eisdem

433 1737 580 1810 nomine
615 1737 837 1808 decimarum
876 1742 915 1802 et
951 1730 1214 1802 obuentionnm
1254 1734 1440 1826 percipere
1477 1729 1665 1806 consueuit
1699 1737 1779 1806 otto

432 1869 570 1921 marces
587 1860 626 1920 et
643 1846 829 1917 dimidiam
842 1839 1096 1936 sterlingorum
1116 1865 1253 1915 annuns
1268 1846 1305 1914 in
1323 1845 1431 1917 domo
1448 1843 1589 1939 Templi
1606 1848 1652 1920 de
1670 1845 1780 1918 Blan-

433 1961 559 2032 trodoc
590 1960 634 2030 nd
664 1951 797 2028 festum
824 1951 937 2027 sant'ti
962 1953 1092 2025 Jacobi
1116 1951 1265 2046 apostoli
1293 1953 1484 2029 cuiuslibet
1509 1960 1595 2030 anni
1622 1961 1778 2031 termino

432 2071 547 2164 prime
580 2067 766 2140 solutionis
800 2065 1001 2159 incipiente
1035 2067 1085 2169 in·
1103 2063 1194 2138 sesto
1221 2066 1333 2141 sensti
1359 2067 1489 2141 Jacobi
1518 2067 1669 2164 apostoli
1693 2075 1778 2144 anni

432 2180 581 2253 Domini
608 2172 787 2249 millesimi
804 2177 962 2251 cclxxx.
987 2177 1106 2249 odoni
1125 2218 1134 2235 ·
1154 2176 1204 2251 Et
1230 2189 1270 2251 vt
1295 2177 1393 2253 didta
1409 2178 1620 2276 compositio
1637 2193 1716 2257 rata
1739 2196 1778 2256 et

432 2295 534 2366 firma
550 2302 589 2364 et
607 2284 812 2361 inconcussa
830 2290 865 2361 in
886 2298 1103 2383 perpetuum
1130 2303 1341 2382 permaneat
1366 2302 1487 2386 partes
1504 2295 1662 2387 preditte
1679 2295 1715 2368 se
1732 2297 1777 2368 nd

432 2401 539 2498 ipsius
581 2396 850 2494 compositionis
888 2401 1155 2473 oblemantiam
1193 2411 1269 2474 tnm
1308 2403 1512 2476 iuramento
1546 2408 1777 2501 corporaliter

430 2511 578 2609 prestito
596 2535 703 2606 qnam
721 2511 888 2608 legitima
905 2508 1140 2605 stipulatione
1156 2513 1363 2608 obligarunt
1386 2527 1424 2587 et
1442 2516 1696 2590 nichilominus
1713 2543 1777 2613 per

430 2624 697 2720 stipulationem
710 2623 912 2719 legitimam
924 2619 989 2694 sibi
1001 2625 1157 2696 inuicem
1170 2623 1377 2697 alternatim
1389 2625 1528 2698 soluere
1538 2627 1775 2721 promiserunt

430 2733 595 2809 interesse
619 2738 754 2809 totiens
777 2748 905 2808 contra
922 2745 1063 2830 partein
1082 2736 1211 2806 didam
1231 2733 1525 2829 compositionem
1543 2761 1615 2810 non
1633 2736 1775 2811 seruan-

430 2859 506 2922 tem
523 2849 827 2922 committendnm
845 2859 884 2921 ct
903 2845 1007 2946 [per]
1022 2857 1163 2941 partem
1181 2843 1476 2940 compositionem
1494 2847 1606 2942 ipsam
1620 2850 1776 2923 fideliter

429 2959 676 3033 obseruantem
692 2961 913 3056 exigendum
928 2960 1096 3054 quotiens
1111 2971 1249 3052 partem
1262 2959 1474 3032 alterutram
1488 2971 1614 3034 contra
1631 2985 1775 3057 compo-

429 3069 594 3146 sitionem
608 3073 803 3168 predittam
823 3074 860 3144 in
879 3071 1000 3164 aliquo
1014 3073 1138 3142 venire
1155 3068 1214 3142 scu
1234 3084 1360 3144 contra
1372 3095 1452 3144 enm
1470 3095 1581 3166 praua
1594 3075 1775 3147 machina-

429 3187 529 3258 tione
546 3187 737 3278 quicqnam
755 3193 941 3256 attentare
958 3185 1155 3277 contigerit
1172 3223 1181 3242 ·
1199 3195 1278 3256 rata
1294 3183 1529 3256 nihilominus
1546 3196 1717 3258 manente
1735 3189 1771 3258 in

428 3297 596 3369 omnibus
613 3292 873 3390 compositione
890 3292 1092 3388 supraditta
1108 3294 1359 3388 ·Adjicientes
1376 3305 1415 3367 ct
1433 3294 1634 3390 specialiter
1646 3321 1773 3370 conce·

428 3410 556 3482 dentes
572 3409 668 3503 quod
686 3405 892 3479 liuiusinodi
911 3401 1078 3479 interesse
1095 3409 1262 3499 quotiens
1279 3401 1502 3478 commissum
1519 3408 1630 3480 suerit
1646 3410 1774 3502 probe·

429 3532 490 3593 tnr
505 3519 579 3592 solo
601 3519 826 3592 sncrnincnto
843 3520 1084 3613 procuratoris
1106 3519 1217 3611 pertis
1236 3515 1451 3611 sepedittam
1477 3516 1770 3612 compositionem

428 3630 674 3705 obseruantis·
693 3641 732 3703 et
749 3632 794 3703 nd
813 3632 986 3702 maiorem
1001 3629 1108 3701 liuius
1126 3627 1392 3724 compositionis
1409 3628 1638 3704 securitatem
1652 3645 1772 3727 partes

427 3747 677 3839 prenominate
695 3743 956 3815 renunciatunt
973 3743 1011 3813 iii
1028 3742 1096 3814 liac
1122 3752 1224 3836 pnite
1241 3763 1305 3835 pro
1322 3737 1359 3813 se
1376 3750 1415 3813 et
1431 3737 1684 3816 successoribus
1702 3742 1773 3817 suis

428 3859 679 3952 inperpetuum
695 3855 903 3949 exceptioni
929 3854 1002 3925 doli
1020 3863 1058 3925 et
1079 3855 1116 3925 iii
1134 3851 1269 3926 fanum
1289 3851 1528 3948 [conditioni]
1555 3878 1601 3927 cx
1629 3855 1709 3951 lego
1734 3867 1772 3929 et

427 3963 619 4041 sinecansa
635 3967 693 4039 vel
711 3962 844 4038 iniusta
869 3963 976 4038 cause
1001 3965 1177 4038 beneflcio
1202 3960 1442 4036 restitutionis
1463 3966 1501 4037 in
1525 3968 1707 4062 integrum
1734 3980 1772 4042 et

427 4103 601 4153 nouarum
612 4075 912 4151 constitutionum
925 4077 1057 4150 litteris
1071 4078 1181 4150 etiarn
1192 4072 1394 4169 apostolicis
1405 4074 1510 4170 super
1522 4078 1625 4150 bonis
1637 4079 1772 4152 eliens·

425 4194 473 4265 tis
483 4201 522 4265 et
534 4189 708 4264 distradtis
724 4211 867 4262 necnon
881 4191 1012 4284 gracijs
1025 4188 1313 4284 indulgencijset
1325 4185 1524 4285 priuilegijs
1536 4200 1663 4262 contra
1674 4213 1771 4262 com-

425 4299 637 4399 positionem
649 4299 853 4396 presentem
867 4303 914 4373 ab
928 4303 1054 4374 endem
1069 4298 1152 4372 sede
1165 4301 1326 4393 optentis
1340 4311 1379 4372 et
1397 4301 1603 4394 optinendis
1615 4323 1658 4372 ae
1673 4305 1771 4374 omni

425 4416 555 4490 astioni
574 4425 612 4487 et
635 4413 843 4508 exceptioni
867 4411 1118 4486 consuetudini
1135 4421 1173 4485 et
1191 4407 1327 4484 statuto
1345 4435 1486 4485 necnon
1511 4411 1609 4485 omni
1626 4413 1773 4488 cauilla-

426 4529 518 4601 tioni
544 4536 583 4599 et
606 4524 871 4621 impugnationi
898 4547 941 4598 oc
966 4526 1135 4598 omnibus
1159 4521 1304 4617 suxilijs
1328 4533 1367 4595 et
1392 4521 1559 4615 remediis
1583 4532 1660 4596 tam
1685 4527 1772 4599 iuris

426 4661 534 4735 quam
550 4637 635 4712 saei
653 4636 784 4731 quibus
797 4635 895 4708 dina
907 4632 1120 4732 compositio
1132 4647 1171 4710 ct
1183 4637 1262 4708 eius
1278 4633 1427 4708 essettns
1443 4629 1583 4731 possent
1599 4637 1770 4712 infirmari
