4564 5968
538 653 622 746 xa]
1010 659 1416 735 noanoonsusu.
1812 673 1882 744 137

537 852 630 922 Item
650 875 759 925 vnum
777 857 986 950 pontificale
1002 859 1169 953 pulcrum
1188 865 1226 932 in
1244 857 1414 933 asseribus
1431 863 1467 930 in
1487 857 1642 931 seeundo
1660 861 1745 932 solio
1763 859 1882 934 Deuo-

582 966 710 1036 tionis·

535 1075 629 1148 Item
658 1101 768 1152 vnum
798 1083 1009 1174 pontificale
1039 1083 1205 1178 pulcrum
1236 1083 1281 1152 de
1313 1079 1375 1152 vsu
1408 1084 1508 1154 curie
1536 1079 1700 1155 Romane
1724 1082 1881 1157 secundo

582 1188 668 1260 folio
684 1194 837 1264 -tanioo

442 1352 447 1360 -
534 1301 627 1372 Item
653 1307 804 1377 tertium
829 1304 1038 1400 pontificale
1063 1313 1275 1397 coopertum
1304 1305 1350 1376 de
1378 1307 1481 1400 nigro
1511 1310 1625 1378 comio
1655 1309 1692 1377 in
1721 1304 1877 1379 seeundo

581 1415 666 1488 folio
683 1415 754 1489 Lai
781 1421 821 1490 i·

531 1526 627 1600 Item
646 1419 779 1601 vnumst
775 1527 985 1624 psalterium
1008 1525 1321 1598 notabile⁹datum
1349 1551 1413 1622 per
1437 1530 1624 1602 dominum
1645 1529 1874 1603 Willelmum

579 1639 766 1715 Callabare
784 1637 1062 1734 prebendarium
1080 1637 1126 1707 de
1144 1637 1277 1711 Ellone
1294 1642 1330 1710 in
1350 1639 1508 1713 secundo
1524 1642 1612 1713 solio
1636 1641 1708 1733 Qui
1723 1641 1874 1715 habitat·

531 1750 624 1823 Item
652 1775 763 1824 vnum
782 1744 918 1821 missale
936 1749 982 1820 ad
999 1748 1114 1820 altare
1131 1748 1241 1822 santii
1259 1749 1437 1824 Iohannis
1456 1753 1501 1825 de
1519 1754 1714 1827 donatione
1737 1755 1873 1827 domini

579 1863 729 1937 Henrioi
744 1863 789 1933 de
803 1860 970 1953 Lyoliton
983 1859 1138 1954 episcopi
1157 1865 1194 1933 in
1214 1859 1369 1936 secundo
1383 1865 1470 1936 folio
1485 1864 1572 1940 Com
1584 1867 1741 1962 potessas
1754 1891 1873 1966 triopae

577 1987 609 2048 et
624 1976 823 2072 ntapqlotc·

529 2087 624 2160 Item
644 2109 752 2159 vnum
770 2081 907 2156 missale
924 2085 970 2155 ad
988 2084 1101 2156 altare
1118 2083 1240 2158 sancte
1258 2086 1415 2160 Katrine
1433 2089 1479 2160 de
1497 2090 1692 2162 donatione
1713 2089 1871 2162 eiusdem

574 2200 707 2272 domini
723 2197 873 2268 llenrici
888 2193 1043 2290 episcopi
1058 2199 1234 2291 incipiens
1252 2201 1288 2270 in
1306 2198 1462 2274 seeundo
1480 2201 1567 2274 solio
1577 2201 1749 2300 Incffadilc
1762 2205 1873 2300 ariste-

577 2315 666 2384 rinm
683 2310 881 2406 coaimrperc
897 2307 989 2381 colui
1020 2310 1059 2380 i·

529 2427 622 2499 Item
642 2446 751 2494 vnum
768 2421 916 2517 gradale
933 2422 979 2494 ad
997 2421 1146 2494 chorum
1166 2424 1211 2494 de
1228 2423 1423 2496 donatione
1437 2425 1595 2497 eiulilem
1614 2426 1748 2498 domini
1769 2427 1872 2500 Hen-

575 2538 637 2608 rioi
652 2532 806 2628 episcopi
819 2534 995 2627 Incipiens
1009 2531 1216 2606 insecundo
1229 2533 1316 2605 solio
1329 2532 1870 2634 Domimudndildeaipm'totem·

575 2661 613 2720 et
632 2648 781 2741 ligatum
800 2647 844 2717 ad
864 2643 1009 2717 stallum
1027 2647 1113 2716 dieti
1131 2647 1266 2716 donnni
1285 2645 1439 2740 episcopi
1460 2689 1468 2706 ·

527 2761 620 2832 Item
645 2781 754 2830 vnum
782 2754 932 2832 missalle
957 2759 1003 2830 ad
1033 2758 1148 2831 altare
1173 2753 1281 2830 san&
1308 2757 1487 2832 Columbe
1513 2761 1560 2833 de
1589 2761 1684 2831 dono
1712 2759 1869 2857 magistri

576 2871 723 2944 IIcnrici
744 2871 873 2965 Ryude
891 2868 1099 2964 thesaurarij
1118 2880 1156 2942 ct
1175 2871 1300 2963 incipit
1320 2871 1356 2941 in
1375 2868 1532 2943 seeundo
1550 2871 1636 2943 solio
1654 2881 1740 2943 cole
1759 2873 1869 2969 capita

574 2987 702 3082 cestra·
722 2997 760 3054 et
778 2978 831 3054 est
847 2982 1069 3076 completum
1089 3021 1097 3038 ·

526 3097 641 3193 [ltcm
667 3119 712 3168 cx
736 3096 832 3166 dono
858 3093 1040 3190 Ingerami
1067 3091 1256 3188 Lyndcsay
1282 3093 1436 3188 episcopi
1462 3094 1731 3169 Aberdoncnsis
1757 3121 1866 3170 vnum

571 3207 715 3306 gradale
733 3209 770 3278 in
789 3206 979 3300 temporali
1000 3207 1174 3299 incipiens
1191 3208 1228 3277 in
1245 3202 1401 3277 secundo
1419 3205 1506 3278 solio
1523 3205 1640 3280 Edoce
1657 3233 1708 3280 mo
1725 3251 1733 3267 ·

524 3321 619 3394 Item
630 3344 675 3392 ex
690 3320 785 3390 dono
796 3315 955 3389 eiulilcm
976 3339 1086 3389 vnum
1103 3317 1250 3412 gradale
1267 3318 1312 3388 de
1329 3315 1459 3390 senilis
1470 3321 1646 3412 incipiens
1661 3323 1697 3393 in
1711 3319 1866 3394 secundo

572 3432 657 3504 solio
676 3429 935 3528 Erniserimus·

524 3545 616 3618 Item
635 3567 745 3617 vnum
762 3538 899 3614 missale
923 3565 987 3636 pro
1013 3539 1118 3614 altari
1146 3539 1256 3614 sandi
1275 3541 1443 3634 Mauricij
1461 3565 1508 3613 ex
1527 3543 1722 3616 donatione
1741 3569 1865 3619 venor·

570 3658 674 3730 abilis
692 3657 757 3727 viri
775 3650 935 3749 magistri
955 3653 1100 3725 Ricardi
1120 3653 1255 3725 Forbcs
1273 3654 1399 3725 decani
1418 3652 1714 3727 Abcrdonensrs·

522 3770 616 3842 Item
634 3771 671 3841 in
688 3766 828 3862 capella
843 3763 955 3838 sancii
972 3764 1140 3859 lllauricij
1159 3787 1206 3836 ex
1223 3765 1417 3837 donatione
1430 3764 1588 3837 ciusdem
1609 3781 1764 3860 quatuor
1781 3771 1863 3843 libri

521 3884 607 3954 iuris
623 3881 786 3955 canonici
813 3878 985 3950 videlicet
1002 3877 1095 3950 liber
1111 3876 1348 3949 decretalium
1372 3874 1494 3949 sextus
1520 3901 1603 3949 cum
1621 3879 1862 3954 Clementinis

520 4005 559 4066 et
588 3993 678 4065 libro
708 3993 936 4064 decretorum
965 4029 974 4048 ·
1000 3989 1094 4062 Item
1124 3991 1161 4060 in
1192 3988 1318 4060 eadem
1344 3989 1481 4082 capella
1511 4013 1558 4062 cx
1584 3992 1678 4063 dono
1704 3993 1862 4068 ciustlem

521 4129 630 4180 vnum
648 4102 854 4200 psalterium
880 4102 1098 4198 pulchrum·
1118 4101 1213 4173 Item
1239 4123 1285 4172 cx
1312 4100 1407 4173 dono
1433 4099 1592 4174 eiusdem
1612 4099 1720 4175 annin
1744 4107 1863 4179 taber-

520 4217 688 4292 naculum
714 4238 779 4309 pro
805 4215 932 4287 eodem
959 4213 1064 4287 altari
1090 4213 1135 4286 de
1161 4208 1318 4285 alabaste
1343 4237 1426 4285 eum
1454 4215 1643 4287 armariolo
1664 4217 1710 4288 de
1727 4218 1862 4290 tabulis

519 4327 752 4402 orientalibus
777 4347 842 4420 pro
867 4323 1094 4398 vestimentis
1109 4325 1234 4398 altaris
1251 4321 1503 4398 conseruandis
1529 4367 1537 4386 ·
1566 4326 1661 4400 Item
1688 4351 1733 4399 ex
1765 4329 1861 4403 dono

426 4487 430 4494 ·
519 4439 676 4516 eiusdem
691 4441 737 4512 ad
755 4459 928 4534 magnum
941 4436 1055 4510 altare
1072 4438 1144 4510 duo
1161 4437 1335 4532 imagines
1348 4459 1419 4510 vna
1433 4439 1602 4512 videlicet
1615 4439 1722 4513 beate
1741 4439 1861 4516 Marie

521 4555 666 4650 virginis
682 4591 691 4610 ·
709 4554 798 4625 item
826 4573 897 4624 vua
921 4549 1037 4624 altera
1054 4551 1152 4623 beati
1179 4547 1347 4642 Mauricij
1364 4585 1374 4606 ·
1392 4549 1487 4622 Item
1515 4575 1561 4624 ex
1588 4551 1683 4623 dono
1700 4551 1858 4626 eiusdem

569 4686 652 4740 vot„
671 4685 711 4739 11.
1178 4681 1197 4732 8
