4590 5954
485 689 594 784 min]
965 693 1374 768 ABERDONENSE.
1796 704 1843 774 37

482 887 564 958 illos
581 891 643 980 qui
664 890 736 981 odij
757 891 814 964 vel
842 892 933 964 lucri
959 891 1068 965 causa
1085 893 1165 984 alijs
1187 893 1337 962 crimina
1364 893 1552 982 imponunt
1579 913 1730 983 perque
1749 891 1838 986 ipsii-

481 1021 560 1068 rum
580 999 676 1072 fama
693 1001 839 1074 sedatur
852 1016 918 1074 aut
936 1027 1002 1096 pro
1017 1002 1150 1096 quibus
1168 1023 1262 1070 mors
1279 1001 1334 1070 rol
1353 1001 1501 1072 exilium
1517 1001 1573 1071 rel
1592 1003 1835 1073 membrorum

480 1110 667 1183 mutilatio
696 1113 754 1184 vei
786 1114 999 1186 exeredacio
1030 1109 1092 1182 seu
1124 1111 1301 1181 bonorum
1332 1111 1498 1206 spoliaeio
1525 1110 1623 1204 sequi
1650 1114 1782 1184 debeat
1809 1111 1834 1184 ii

479 1221 698 1294 iudicialiter
715 1225 985 1296 conuincantur
1003 1262 1011 1278 ·
1031 1224 1388 1294 excommunicamus
1406 1247 1529 1296 onmes
1547 1226 1755 1298 detentores
1773 1227 1835 1297 de·

479 1332 654 1404 cimorum
681 1334 824 1406 suarum
852 1329 985 1403 iniuste
1012 1343 1051 1404 et
1077 1355 1204 1403 omnes
1229 1333 1309 1404 illos
1327 1336 1387 1426 qui
1414 1335 1570 1406 decimas
1594 1337 1754 1428 proprias
1772 1335 1833 1408 seu

478 1443 615 1516 alienas
640 1458 763 1540 preter
789 1443 1020 1515 voluntatem
1047 1444 1275 1515 dominorum
1302 1445 1521 1514 deeimarum
1548 1443 1701 1538 ipsarum
1728 1471 1833 1519 occu-

478 1567 567 1650 pant
584 1568 623 1630 et
642 1561 810 1629 detinent
829 1557 1011 1628 violenter
1028 1555 1090 1629 seu
1107 1558 1263 1628 restores
1281 1552 1507 1627 ecclesiarum
1527 1556 1584 1628 vel
1602 1559 1751 1628 vicarios
1768 1572 1833 1630 aut

477 1692 602 1740 eorum
631 1677 881 1761 procuratores
908 1691 1128 1762 quacunque
1156 1667 1356 1739 calliditate
1383 1668 1585 1759 impediunt
1606 1666 1663 1738 vei
1691 1679 1832 1761 portur·

458 1780 566 1854 bant
583 1802 655 1871 quo
673 1780 793 1849 minus
811 1779 857 1849 de
876 1779 1027 1850 decimis
1054 1778 1125 1849 suis
1149 1779 1194 1848 ad
1220 1776 1319 1848 suam
1346 1777 1456 1848 libere
1482 1776 1667 1870 disponere
1685 1780 1830 1852 valcant

476 1888 703 1959 voluntatem
722 1929 730 1945 ·
751 1912 819 1960 nec
837 1912 909 1959 non
925 1900 964 1960 et
983 1887 1158 1960 rsurarios
1176 1885 1380 1958 manifestos
1398 1898 1555 1981 raptores
1581 1890 1743 1982 publicos
1765 1893 1830 1961 im-

475 2001 664 2094 pedientes
682 1998 900 2072 testamenta
919 2000 1084 2095 legitime
1098 2000 1192 2070 satta
1207 1999 1443 2070 incendiarios
1460 2000 1667 2071 libertatum
1687 2000 1830 2073 ecclesi-

474 2109 664 2182 asticarum
682 2124 721 2182 ct
738 2113 1014 2183 immunitatum
1040 2113 1077 2182 in
1103 2113 1208 2182 terris
1226 2110 1283 2181 vel
1310 2113 1346 2181 in
1372 2113 1473 2203 aquis
1489 2110 1549 2182 scu
1568 2114 1603 2182 in
1622 2115 1828 2186 nemoribus

472 2235 536 2294 aut
566 2219 705 2315 pascuis
730 2235 795 2293 aut
825 2219 1101 2314 quibuscunque
1126 2221 1204 2313 alijs
1230 2222 1336 2292 rebus
1362 2224 1628 2315 perturbatores
1651 2238 1690 2295 et
1719 2226 1828 2297 viola-

472 2347 569 2404 tores
583 2345 647 2404 aut
661 2355 784 2405 eorum
800 2335 966 2403 audores
981 2329 1170 2404 consilium
1185 2333 1361 2403 auxilium
1375 2343 1412 2404 et
1427 2335 1585 2406 fauorem
1599 2338 1651 2406 eis
1668 2335 1827 2430 prestan-

472 2460 527 2517 tes
545 2483 553 2502 ·
573 2469 640 2516 nce
659 2469 731 2515 non
750 2444 933 2516 sorciarias
951 2457 991 2514 et
1010 2466 1137 2514 omnes
1162 2467 1221 2514 eas
1246 2444 1411 2514 fouentes
1428 2457 1464 2514 et
1482 2457 1714 2540 protegentes
1732 2461 1771 2519 et
1789 2451 1824 2518 in

471 2556 541 2628 suis
571 2557 759 2649 maleficiis
789 2565 1074 2627 manutenentes
1092 2577 1134 2628 ac
1155 2557 1267 2626 etiam
1294 2577 1376 2624 cum
1402 2557 1516 2624 eisin
1543 2555 1730 2649 maleficijs
1753 2557 1825 2629 sais

469 2670 802 2738 communicantes·
817 2665 1000 2736 inuasuros
1014 2676 1052 2736 et
1066 2676 1227 2758 raptores
1246 2665 1417 2734 bonorum
1432 2662 1748 2737 ceclesiasticorum
1764 2667 1823 2739 seu

469 2782 505 2851 in
533 2781 639 2850 terris
667 2775 912 2848 clemosinatis
943 2776 1120 2847 nonnulla
1146 2779 1179 2846 ri
1206 2788 1327 2868 preter
1347 2775 1569 2846 voluntatem
1595 2779 1822 2850 dominorum

468 2893 653 2983 capientes
671 2928 679 2944 ·
698 2891 862 2982 exceptis
880 2889 1019 2958 domini
1037 2887 1148 2982 Regis
1167 2897 1205 2956 et
1222 2885 1360 2978 Regiae
1378 2909 1419 2956 ac
1438 2886 1499 2979 fiiij
1520 2884 1570 2957 sui
1590 2887 1822 2961 semitoniims

469 3025 531 3095 pro
549 3003 747 3073 eorundem
768 2996 970 3090 neccssarijs
988 3021 1072 3070 cum
1092 3023 1135 3070 ea
1152 2998 1236 3068 aiibi
1266 3000 1427 3068 inuenire
1445 3020 1514 3068 nou
1535 3013 1706 3092 poterunt
1731 3007 1822 3074 acci-

467 3113 651 3206 pientibus
665 3113 863 3183 dummodo
882 3107 1015 3180 iustum
1036 3113 1195 3202 precium
1215 3107 1354 3178 soluant
1373 3131 1436 3200 pro
1454 3109 1584 3179 eisdem
1605 3111 1818 3184 -ntateoiai

467 3222 537 3295 smt
563 3246 689 3294 omncs
715 3224 926 3316 prenotati·
947 3222 1128 3293 maledicti
1157 3215 1225 3289 smt
1251 3221 1410 3289 exterius
1428 3232 1463 3288 ct
1489 3222 1639 3290 interius
1656 3247 1677 3292 a
1695 3223 1820 3316 planta

466 3335 567 3428 pedis
587 3334 695 3426 rsipre
719 3333 763 3405 ad
784 3336 959 3404 verticem
988 3333 1119 3425 capitis
1142 3353 1223 3402 com
1246 3327 1365 3400 Datan
1384 3343 1421 3400 et
1440 3330 1578 3400 Abirrm
1605 3356 1695 3424 quos
1723 3347 1817 3407 terra

465 3449 568 3516 riuos
594 3445 775 3515 obsorbuit
801 3445 919 3514 ·iiaut
948 3444 1025 3515 dics
1056 3465 1181 3514 eorum
1210 3443 1312 3533 pauci
1339 3453 1375 3511 et
1403 3442 1665 3513 ‹iorniuatioues
1692 3469 1814 3516 eoram

464 3560 644 3651 accipiant
671 3556 730 3648 aiij
750 3593 758 3610 ·
777 3556 840 3647 fiiij
869 3577 995 3626 eoram
1023 3554 1173 3647 orphani
1199 3592 1206 3608 ·
1230 3566 1267 3622 ct
1295 3548 1384 3622 ficut
1410 3553 1475 3622 hee
1504 3552 1648 3624 lucerna
1674 3557 1710 3626 in
1738 3581 1817 3649 pre·

464 3669 555 3742 senti
583 3670 813 3761 extinguitur
839 3663 887 3737 stc
914 3668 1181 3759 extinguantur
1208 3664 1353 3734 lucente
1379 3687 1501 3734 coram
1527 3677 1612 3735 ante
1630 3668 1815 3740 sinentem

464 3783 499 3850 in
519 3777 640 3850 secula
658 3777 859 3849 seculorum
879 3817 888 3832 ·
909 3787 948 3847 et
967 3775 1227 3871 ‹lcrrrergnntur
1242 3777 1278 3848 in
1298 3776 1437 3846 iascrno
1455 3777 1574 3846 anime
1598 3800 1722 3849 eorum
1749 3779 1813 3851 nist

462 3887 678 3984 resipuerint
705 3903 743 3959 et
770 3889 814 3960 ad
843 3885 1123 3960 satiffiostionem
1142 3897 1180 3958 et
1202 3886 1490 3958 emendationem
1511 3890 1676 3959 venerint
1695 3931 1703 3947 ·
1723 3891 1784 3962 fiat
1805 3933 1812 3948 ·

463 4002 526 4074 fiat
544 4041 552 4058 ·
573 4001 694 4072 Amen
714 4041 722 4058 ·
