4612 5964
462 708 530 772 102
985 695 1293 772 REGISTRUM
1654 706 1807 802 [secura

459 901 495 970 in
515 901 852 995 augmentationem
870 895 988 991 salarij
1006 895 1180 968 anteditti
1199 895 1244 966 de
1262 895 1431 968 consensu
1450 900 1575 972 decani
1594 912 1632 974 et
1658 904 1807 996 capituli

461 1009 511 1081 liri
547 1012 790 1107 quadraginta
814 1008 945 1082 solidos
975 1007 1117 1080 addidit
1143 1007 1247 1078 iuxta
1275 1008 1426 1078 sormam
1457 1007 1718 1084 distributionis
1746 1037 1810 1106 per

460 1121 594 1196 didtam
612 1119 714 1194 suam
732 1123 991 1216 paternitatem
1011 1119 1175 1191 editam·
1196 1117 1331 1189 Attum
1350 1140 1445 1190 anno
1462 1117 1606 1191 Domini
1620 1119 1808 1194 millesimo

459 1230 750 1328 quingentesimo
768 1234 910 1306 decimo
928 1254 1025 1303 nono
1043 1227 1073 1326 ·]

457 1569 633 1661 Sequitur
658 1564 872 1640 constitutio
889 1569 935 1638 de
952 1567 1069 1638 officio
1095 1562 1236 1638 sacriste
1258 1562 1407 1640 ecclesie
1433 1561 1717 1638 abbtraonenfis
1743 1587 1806 1659 per

457 1679 616 1750 eundem
642 1679 831 1748 dominum
851 1675 1083 1748 Willelmum
1113 1674 1352 1770 Elpbinstone
1377 1677 1581 1773 episcopum
1600 1676 1807 1749 Abbirdou·

458 1787 581 1860 ensem
599 1787 801 1882 predittum
819 1787 945 1858 edita·

465 1989 514 2082 ln
540 2009 667 2102 primis
702 2003 829 2078 statuit
864 2018 903 2076 et
938 2007 1122 2079 ordinauit
1148 2010 1243 2101 quod
1279 2013 1448 2106 deinceps
1482 2009 1623 2084 sacrista
1656 2005 1806 2084 ecclesie

456 2118 675 2194 cathedralis
707 2112 995 2188 Abbirdoneasrs
1023 2113 1068 2186 lit
1096 2114 1259 2191 sacerdos
1288 2123 1326 2192 in
1358 2120 1553 2195 sacerdotio
1587 2120 1805 2198 constitutus

456 2235 515 2326 qui
536 2225 685 2324 singuiis
704 2227 832 2298 diebus
850 2249 1068 2318 perannum
1096 2230 1226 2299 tamin
1246 2231 1343 2323 feriJs
1368 2256 1473 2324 quam
1494 2237 1529 2304 ia
1549 2231 1647 2306 lestis
1664 2229 1805 2306 intersit

456 2345 566 2414 clmro
592 2345 628 2412 ia
656 2341 785 2411 babitu
815 2338 959 2408 dceenti
990 2339 1115 2409 tunica
1145 2338 1249 2410 talari
1276 2353 1314 2412 ct
1340 2341 1587 2436 superpellicio
1612 2367 1695 2415 cum
1726 2344 1804 2415 aliis

458 2454 623 2546 cicirarijs
651 2452 750 2524 chori
787 2449 882 2520 ame
913 2444 1064 2520 ecclesie
1089 2447 1325 2543 personaliter
1358 2455 1395 2522 iu
1426 2455 1615 2525 matutinis
1642 2449 1741 2526 milla
1766 2469 1803 2526 et

457 2565 612 2660 vesperis
646 2561 787 2635 summo
816 2561 921 2633 altari
957 2571 996 2632 et
1026 2561 1123 2633 (litto
1153 2562 1262 2633 cboro
1297 2560 1435 2634 interiit
1467 2561 1699 2636 ministrando
1733 2589 1804 2658 que

455 2681 592 2750 luerint
618 2697 777 2770 congrua
804 2685 843 2743 et
862 2669 1055 2744 necessaria
1080 2683 1189 2766 prout
1215 2669 1303 2746 sella
1329 2685 1367 2745 et
1394 2685 1556 2768 tempora
1581 2679 1666 2747 anni
1684 2679 1805 2772 exige·

455 2793 528 2862 rint
547 2829 557 2848 ·
577 2787 675 2860 Item
694 2784 859 2878 quolibet
880 2785 939 2854 die
957 2781 1115 2876 pulsabit
1140 2805 1334 2877 campanas
1350 2782 1454 2856 solito
1479 2809 1578 2858 more
1595 2789 1632 2858 in
1650 2788 1749 2881 fcrijs
1765 2801 1803 2860 et

454 2897 553 2972 lestis
578 2921 643 2994 per
670 2906 789 2969 totum
817 2915 954 2964 annum
982 2903 1056 2964 tam
1085 2894 1215 2987 hyeme
1240 2917 1349 2987 quam
1367 2897 1404 2966 in
1423 2893 1536 2968 estate
1563 2896 1732 2969 videlieet
1757 2900 1801 2970 ad

455 3003 654 3083 matutinas
671 3007 760 3078 bora
772 3007 901 3097 quinta
915 3025 1023 3074 mane
1037 3026 1103 3097 per
1115 3017 1280 3096 quartam
1295 3017 1434 3098 partem
1449 3007 1535 3078 bore
1551 3005 1726 3101 pulsando
1739 3030 1802 3103 pro

454 3123 569 3216 qrrituo
586 3116 688 3211 pulsu
709 3157 718 3175 ·
737 3138 803 3209 pro
829 3113 985 3185 secuudo
1003 3115 1096 3186 eitra
1114 3111 1216 3185 sexte
1234 3115 1497 3187 dimidietatem
1517 3117 1718 3190 inelroando
1739 3143 1804 3214 pcr

453 3231 549 3305 illius
576 3233 689 3302 ferme
713 3229 801 3298 hore
828 3225 1094 3296 dimidietatem
1120 3227 1369 3297 continuando
1395 3267 1403 3284 ·
1431 3251 1493 3320 pro
1520 3231 1627 3298 tertio
1653 3251 1739 3300 vero
1764 3233 1799 3300 in

452 3347 550 3416 tatto
572 3341 664 3412 sexti
692 3337 865 3430 boralogij
896 3330 1002 3406 srurili
1030 3335 1223 3406 duratione
1250 3331 1340 3408 licut
1367 3338 1403 3408 iu
1431 3339 1544 3430 prium
1572 3337 1673 3432 pulsu
1691 3379 1700 3398 ·
1720 3340 1800 3424 Qua

452 3457 538 3526 liora
555 3452 657 3525 sextu
683 3471 766 3522 cum
791 3446 933 3520 bedello
960 3449 1183 3518 eormeniant
1208 3471 1333 3518 amnes
1361 3449 1479 3540 vicarij
1506 3449 1603 3520 ebori
1621 3451 1664 3521 ad
1684 3461 1803 3522 matu·

451 3569 547 3637 tinas
580 3587 664 3636 cum
699 3561 884 3634 habitibus
911 3557 983 3630 suis
1015 3559 1239 3652 temporibus
1273 3560 1317 3630 ad
1354 3559 1421 3632 boc
1454 3561 1735 3652 congruentibus
1761 3576 1797 3633 et

450 3675 593 3749 easdem
612 3677 649 3746 in
668 3675 816 3745 nomine
829 3671 965 3742 dondui
986 3671 1163 3762 incipiant
1181 3681 1220 3739 et
1238 3671 1367 3741 liniant
1385 3710 1393 3728 ·
1413 3672 1601 3742 matutinis
1619 3692 1703 3744 vero
1721 3695 1799 3766 pcr-

449 3791 539 3860 astia
573 3785 730 3882 pulsabit
760 3807 825 3878 pro
855 3785 970 3875 priam
1005 3783 1268 3853 matutinarum
1298 3781 1418 3873 equali
1448 3783 1636 3854 duratione
1670 3784 1797 3856 humili

449 3921 625 3992 campana
652 3893 754 3968 sicuti
782 3895 898 3988 primo
927 3891 1030 3986 pullis
1058 3893 1319 3962 matutinarum
1339 3931 1347 3948 ·
1365 3892 1495 3963 deiude
1514 3915 1576 3984 quo
1598 3889 1697 3966 milla
1714 3895 1799 3966 diue

452 4011 598 4102 virginis
630 4005 750 4078 blarie
780 4005 894 4098 prima
921 4014 1135 4096 percantata
1161 4012 1269 4096 prout
1295 4001 1384 4072 alias
1413 4003 1523 4074 luerit
1556 4001 1796 4076 consuetum·

448 4121 581 4194 deindo
607 4120 694 4190 liora
711 4139 855 4189 nouena
881 4113 980 4186 suilla
1006 4116 1092 4186 diue
1111 4115 1258 4206 virginis
1275 4110 1457 4184 celebrata
1483 4115 1636 4206 primum
1656 4116 1795 4210 pullitm

449 4257 513 4328 pro
543 4231 671 4303 nraiori
700 4225 801 4300 millo
830 4227 1013 4299 intonabit
1042 4249 1107 4320 per
1132 4223 1277 4318 equales
1295 4223 1502 4296 durationes
1526 4235 1563 4296 ct
1590 4238 1795 4320 temporum

447 4343 683 4417 discretiones
699 4336 804 4412 sicuti
823 4339 867 4410 ad
887 4339 1086 4408 matutinas
1100 4335 1310 4406 iarududum
1329 4337 1464 4405 talium
1484 4332 1536 4407 est
1554 4337 1639 4408 liora
1655 4337 1795 4409 decima

448 4453 704 4528 terarinando·
725 4446 841 4524 Fetus
868 4472 953 4520 vero
980 4447 1188 4520 solennibus
1213 4468 1277 4540 pro
1303 4467 1511 4540 magnarum
1538 4469 1793 4542 campanarum

448 4565 649 4660 pulsatione
686 4574 809 4636 vtetur
842 4563 880 4634 iu
914 4558 1091 4654 pulsando
1126 4559 1232 4653 varijs
1266 4552 1385 4652 paulis
1418 4569 1454 4630 ct
1490 4559 1651 4632 discretis
1686 4573 1793 4654 prout
