4564 5968
460 803 560 899 xvc]
928 803 1336 880 ABERDONENSE.
1738 816 1803 882 181

459 1006 764 1100 vigintiquinque
789 1009 974 1080 vnoiarum
1001 1007 1098 1078 dono
1124 1007 1305 1099 quondam
1333 1004 1547 1076 venerabilis
1575 1007 1639 1076 viri
1666 1007 1803 1078 domini

457 1115 585 1187 Jacobi
602 1113 822 1214 Kincraigye
839 1120 967 1192 decani
986 1114 1259 1191 Aberdonensrs
1283 1118 1329 1189 ad
1348 1115 1460 1188 altare
1478 1116 1553 1186 diui
1573 1114 1744 1212 Mauricij
1764 1119 1803 1190 in

458 1221 617 1299 custodia
633 1229 753 1324 vicarij
771 1231 870 1303 beati
889 1230 1060 1322 Mauricij
1079 1230 1126 1301 ad
1144 1228 1374 1301 seruiendum
1401 1227 1495 1299 dieto
1520 1227 1625 1300 altari
1652 1229 1804 1322 deputa·

459 1351 519 1410 lus
536 1381 545 1396 ·

506 1450 569 1546 Hij
583 1452 712 1526 calices
725 1452 914 1548 supradicti
932 1453 1101 1545 deputati
1119 1447 1282 1522 existunt
1292 1454 1337 1523 ad
1352 1449 1453 1524 vsum
1468 1454 1723 1546 quotidianum
1742 1453 1799 1525 su·

457 1563 616 1657 pradiele
629 1562 778 1638 ecclesie
795 1547 978 1636 canonicis
996 1573 1036 1633 et
1052 1561 1194 1658 rieurije
1212 1560 1372 1636 eiusdem
1383 1575 1422 1636 et
1437 1565 1517 1659 alijo
1536 1566 1719 1638 celebrare
1738 1589 1801 1638 vo·

456 1677 614 1750 lentibus
643 1681 681 1749 in
707 1673 867 1750 custodia
892 1671 1103 1768 thesaurarij
1122 1675 1217 1747 infra
1240 1677 1387 1748 domum
1408 1677 1583 1768 jocalium
1603 1677 1796 1772 lirpradieli

456 1790 604 1884 capituli
622 1789 788 1861 collocati
807 1826 816 1843 ·

455 2125 670 2204 Sauunrun
684 2144 840 2195 nocuum
853 2143 904 2194 nx
917 2145 1091 2204 corrono
1104 2147 1177 2198 rnn
1196 2146 1382 2200 uror-:neos
1396 2147 1618 2200 ronrrrrcns
1630 2148 1677 2200 nr
1691 2149 1798 2201 raros

750 2233 1075 2308 Cnnrsrrrronnns
1092 2257 1239 2310 onum
1258 2259 1307 2310 vr
1326 2259 1441 2310 runnu
1460 2280 1468 2297 ·

458 2437 511 2534 ln
529 2461 651 2553 primis
669 2459 739 2528 (lue
766 2480 896 2552 magne
914 2457 1040 2551 pclues
1066 2463 1207 2554 argenti
1235 2463 1271 2532 in
1298 2462 1599 2558 circumferentijs
1625 2465 1798 2536 deaurato

454 2573 515 2645 sed
538 2569 600 2642 vsu
618 2571 730 2642 ferme
756 2568 967 2664 consumpto
985 2573 1080 2642 dono
1102 2573 1284 2664 quondam
1311 2576 1501 2646 reuerendi
1520 2578 1557 2646 iu
1575 2571 1706 2647 christo
1737 2597 1798 2668 pa·

455 2687 519 2757 trie
532 2683 683 2756 Heni-ici
701 2684 746 2753 de
762 2681 953 2775 Lychtoun
965 2678 1238 2755 Aberrlooeolls
1254 2682 1409 2778 episcopi
1420 2687 1480 2778 qui
1498 2686 1592 2758 hane
1609 2682 1796 2758 ecelesiam

454 2797 563 2890 vtique
579 2797 623 2868 ad
641 2794 776 2866 tecum
789 2794 974 2865 edificauit
988 2796 1156 2886 ponderis
1170 2806 1326 2888 quotuor
1343 2797 1512 2868 librarum
1527 2798 1621 2870 hunc
1638 2799 1798 2869 serentes

453 2909 573 2982 datam
591 2929 686 2980 anno
704 2905 852 2977 Domini
870 2901 1063 2978 millesono
1073 2905 1428 3003 quadringentesimo
1446 2905 1629 3004 trigelimo
1656 2911 1767 2982 tertio
1787 2952 1795 2967 ·

504 3020 600 3092 Item
618 3042 748 3114 ymago
762 3019 846 3089 ‹liue
860 3019 1008 3112 virginis
1021 3017 1142 3090 Mario
1156 3020 1202 3090 ‹le
1217 3022 1354 3112 pietate
1372 3019 1541 3114 inscripto
1551 3024 1690 3116 argenti
1710 3043 1794 3092 cunr

453 3135 619 3228 ymagine
637 3129 699 3225 filij
718 3129 769 3201 sui
787 3130 950 3200 crucifixi
961 3151 1044 3200 cum
1063 3127 1227 3202 clausura
1240 3133 1332 3204 infra
1345 3135 1520 3224 quadrata
1536 3133 1705 3226 ponderis
1719 3132 1796 3226 sep-

453 3258 527 3317 tem
554 3244 723 3314 librarum
753 3241 881 3313 decem
907 3242 1093 3312 unciarum
1121 3265 1204 3315 eum
1231 3244 1428 3316 dimediata
1457 3244 1553 3317 dono
1579 3245 1795 3318 venerabilis

451 3359 516 3428 viri
534 3351 691 3450 magistri
708 3352 856 3424 Andree
873 3350 978 3446 Lyell
992 3354 1174 3444 quondam
1193 3352 1458 3428 liuiueecclesre
1476 3354 1684 3447 thesaurarii
1698 3359 1792 3430 circo

451 3492 584 3541 annum
604 3467 738 3538 domini
756 3461 985 3535 millesimum
1003 3461 1355 3560 quingentesimum·

488 3581 586 3654 Crux
598 3579 737 3673 argenti
748 3577 919 3648 deaurata
931 3597 1015 3647 cum
1027 3577 1144 3647 tribus
1155 3575 1334 3671 lapidibus
1347 3579 1467 3652 rubeis
1479 3583 1514 3650 in
1527 3579 1792 3672 quoquonilnrn

451 3711 529 3767 erat
557 3715 637 3787 pars
663 3691 750 3786 ligni
777 3691 892 3761 crucis
918 3688 1041 3759 Sancti
1060 3686 1209 3760 Andree
1226 3691 1330 3761 cuiue
1346 3712 1409 3783 pes
1426 3691 1721 3784 ropinoliilrlntus
1739 3691 1791 3762 est

450 3831 534 3880 cum
561 3805 708 3896 reliquis
737 3797 972 3895 introseriptis
997 3801 1092 3871 dono
1122 3800 1303 3892 quondam
1333 3800 1427 3872 bone
1453 3804 1625 3874 memorie
1655 3803 1792 3874 domini

450 3918 605 3993 Gilborti
632 3914 791 3988 Grenlau
811 3907 1079 3983 Aberdonensre
1103 3907 1258 4005 episcopi
1284 3914 1345 4005 qui
1363 3915 1474 3986 etium
1499 3913 1595 3985 dono
1621 3911 1792 3987 concessit

328 4099 334 4108 .
447 4051 619 4126 magnum
630 4027 846 4098 breuiarium
857 4021 1009 4095 adi-sum
1024 4023 1122 4094 clrori
1136 4046 1233 4095 nunc
1243 4024 1384 4117 perduc
1396 4022 1578 4098 volumina
1590 4028 1765 4120 pertiturn
1780 4067 1789 4084 ·

498 4143 598 4216 Crux
615 4140 753 4235 urgenti
772 4137 944 4209 deaurata
961 4158 1044 4206 eum
1058 4137 1167 4206 ramis
1184 4133 1353 4207 corolinis
1369 4149 1408 4206 et
1424 4136 1540 4208 tribus
1554 4140 1674 4230 pamla
1690 4161 1791 4232 yma·

447 4255 592 4352 pinibus
608 4252 787 4324 deauratis
813 4249 873 4320 sed
900 4249 1037 4320 incuria
1062 4245 1252 4320 custodum
1278 4247 1314 4317 in
1338 4245 1522 4340 particulis
1547 4246 1662 4320 diuisa
1687 4251 1789 4320 cuiue

447 4367 543 4442 dono
568 4367 753 4460 ignoratur
777 4362 945 4456 ponderis
970 4382 1054 4431 cum
1081 4357 1234 4432 corrillio
1250 4369 1406 4450 quatuor
1419 4361 1601 4432 unciarum
1624 4383 1707 4431 curn
1738 4362 1792 4432 ili-

448 4479 671 4662 mesllrllrlus
686 4585 763 4657 auri
781 4604 864 4656 cum
891 4581 1010 4675 lapide
1028 4582 1200 4655 columne
1216 4576 1348 4654 Christi
1375 4593 1416 4654 rt
1439 4579 1601 4656 asseritur
1620 4585 1790 4680 ponderis

448 4707 601 4776 duorum
617 4690 811 4794 gressorum
829 4692 887 4766 rel
904 4695 1000 4766 circa
1016 4696 1121 4766 enirm
1137 4693 1233 4764 dono
1251 4693 1463 4788 ignoratur·
