4564 5968
487 689 557 760 186
1004 681 1312 758 REGISTRUM
1671 686 1822 782 [secuti

485 888 579 960 deris
608 888 759 960 duorum
789 887 962 960 librarum
987 883 1127 978 septem
1145 882 1331 954 ruciornm
1356 882 1484 977 abique
1510 906 1618 956 cruce
1643 887 1681 956 iu
1704 887 1822 978 capite
1864 971 1870 984 ·

486 997 601 1072 sedin
619 1001 707 1072 duee
727 1011 849 1094 partes
865 999 979 1071 fratta
993 1018 1060 1091 per
1077 1002 1240 1088 raptores
1256 991 1339 1088 sepe
1357 996 1555 1066 nominatos
1574 1037 1583 1055 ·

536 1108 779 1184 Monstrentie
808 1109 1006 1183 eorundem
1036 1104 1356 1201 suprascriptorum
1389 1103 1494 1178 instar
1525 1105 1649 1180 culicis
1683 1107 1823 1201 argenti

486 1225 659 1297 deaurata
667 1247 731 1318 pro
748 1221 912 1296 custodio
927 1216 1144 1293 venerabilis
1160 1215 1374 1292 sacramenti
1387 1241 1466 1292 cum
1479 1213 1673 1292 visitantur
1692 1216 1823 1289 infirmi

486 1336 653 1428 ponderis
669 1335 798 1430 viginti
817 1335 1003 1406 vnciarum
1028 1333 1132 1404 euius
1157 1353 1247 1402 crux
1273 1331 1386 1405 imile
1404 1323 1454 1402 est
1470 1331 1510 1401 in
1532 1326 1742 1402 summitate
1764 1326 1822 1398 l'ed

486 1443 721 1518 conseruata·

536 1557 632 1630 Item
658 1555 754 1628 culix
779 1557 921 1650 argenti
952 1556 1147 1627 deauratus
1172 1553 1341 1646 ponderis
1364 1551 1611 1624 nouemdecim
1641 1552 1823 1622 unciarum

486 1691 569 1741 cum
585 1667 783 1739 dimediate
798 1688 862 1760 pro
880 1663 943 1738 rsu
960 1667 1173 1759 quotidiano
1191 1659 1340 1737 ecclesie
1357 1675 1395 1738 ct
1409 1663 1561 1738 oratorio
1579 1660 1739 1735 eiusdem
1759 1701 1768 1718 ·

536 1778 631 1849 Item
658 1775 753 1847 calix
766 1783 825 1847 'ex
845 1799 932 1848 euro
949 1772 1133 1870 puriilimo
1151 1775 1321 1868 ponderis
1338 1777 1444 1848 trium
1461 1776 1633 1849 librorum
1652 1785 1691 1847 et
1714 1775 1823 1846 trium

486 1891 668 1962 vuciurum
703 1889 795 1958 troie
825 1910 909 1959 cum
939 1888 1057 1959 tribus
1082 1880 1248 1980 precioiie
1277 1890 1452 1982 magnetis
1474 1897 1516 1959 et
1544 1888 1687 1959 duobus
1704 1885 1824 1958 nibeis

484 2002 530 2074 ad
547 2001 657 2094 pedes
673 1998 835 2070 crucifixi
852 1997 1013 2071 eiusdem
1030 1998 1153 2072 calicis
1169 1997 1266 2069 dono
1284 1998 1410 2092 prefati
1434 1998 1624 2072 reuerendi
1650 1999 1762 2094 petris
1785 2007 1825 2067 vt

486 2111 591 2206 supra
606 2111 667 2206 qui
685 2132 816 2204 magne
834 2106 1073 2182 estimationis
1090 2109 1272 2183 hebetur·

528 2223 699 2296 Preteree
711 2221 805 2292 alter
815 2219 910 2293 culix
921 2243 968 2292 ex
979 2235 1131 2317 argento
1145 2223 1341 2294 deauratus
1351 2223 1512 2315 ponderis
1525 2223 1825 2319 vigintiquinque

488 2338 670 2408 vnoiarum
700 2335 745 2406 cd
782 2332 896 2406 altare
923 2333 1008 2406 diue
1039 2333 1190 2429 virginis
1224 2330 1425 2404 Ketliaiiue
1459 2335 1555 2407 infre
1588 2331 1824 2429 supradictum

486 2443 672 2522 ecclesium
686 2441 859 2517 situatum
877 2445 915 2516 in
933 2440 1097 2518 custodie
1109 2443 1288 2540 capellani
1303 2445 1386 2516 dibli
1401 2443 1522 2517 ulteris
1533 2443 1736 2540 sumptibus
1746 2466 1825 2539 pre·

488 2562 552 2634 iuti
569 2559 705 2630 domini
725 2557 860 2630 Gauini
879 2553 940 2628 sed
956 2580 1022 2651 per
1038 2569 1255 2630 executores
1271 2553 1426 2628 eiusdem
1444 2555 1663 2630 lubricatur·

528 2667 678 2764 Insuper
693 2669 788 2741 alter
804 2666 900 2740 culix
918 2668 1079 2742 eiusdem
1092 2668 1262 2764 ponderis
1276 2663 1436 2740 similitor
1451 2669 1648 2742 deauretur
1660 2661 1824 2762 expensio

485 2781 643 2855 eiusdem
660 2782 796 2852 domiui
814 2780 949 2854 Gauini
964 2777 1026 2853 sed
1051 2804 1117 2877 per
1141 2789 1357 2854 executores
1380 2789 1418 2852 rt
1441 2778 1547 2876 supre
1562 2781 1761 2856 fabricatus
1777 2779 1822 2851 ud

485 2893 584 2966 vsum
602 2889 788 2986 hospitalis
805 2915 871 2986 per
886 2893 1043 2965 eundem
1062 2892 1205 2965 fundati
1224 2902 1264 2965 et
1281 2888 1470 2966 construsti
1488 2930 1497 2950 ·

526 3005 622 3076 ltem
641 3001 733 3076 liber
749 2999 981 3098 epistolarum
1006 3006 1146 3099 optime
1163 3014 1313 3076 ornutus
1330 3025 1393 3098 per
1406 3005 1489 3076 cuni
1507 2999 1651 3076 cursum
1676 3041 1685 3060 ·
1704 3001 1753 3075 Et
1771 2999 1822 3074 eil

485 3115 682 3190 notandum
700 3115 795 3207 quod
813 3135 935 3185 merce
949 3117 1091 3211 urgenti
1104 3117 1271 3188 continet
1282 3117 1364 3188 obbo
1375 3116 1491 3188 tucior
1504 3117 1599 3189 troie
1608 3127 1648 3188 et
1661 3113 1822 3209 quelibet

486 3229 589 3301 uncie
606 3225 770 3298 continet
789 3225 917 3320 viginti
936 3223 1237 3322 esterlingenseo·

586 3435 757 3535 [Summo
781 3437 950 3529 ponderis
977 3441 1117 3532 argenti
1142 3433 1305 3510 concessa
1329 3460 1392 3532 per
1407 3437 1590 3511 Gauinum
1616 3437 1821 3534 episcopum

583 3545 878 3621 Aberdouensem
911 3560 951 3620 rt
984 3549 1185 3644 predicitur
1218 3551 1293 3644 viij‘
1318 3549 1480 3643 lxxxxiiii
1516 3551 1621 3624 rncie
1654 3552 1821 3647 urgenti·

584 3660 634 3733 Et
646 3660 781 3732 incure
791 3654 1189 3754 puriilrmoextendens
1201 3661 1249 3734 ed
1261 3662 1517 3756 quinquaginta
1529 3683 1638 3736 vnum
1652 3663 1773 3734 vnete
1792 3657 1820 3754 ·]

659 3995 740 4069 Pro
759 4013 1003 4069 rouruuciui
1024 4017 1165 4070 oourrr
1186 3994 1364 4072 Eriecoru
1382 3997 1639 4072 Antenoris·

490 4213 667 4331 Inprimis
696 4235 805 4306 mitro
833 4230 991 4326 preciose
1019 4255 1103 4306 cum
1129 4233 1286 4330 gemmis
1301 4243 1341 4306 et
1359 4237 1565 4330 mrguetir
1585 4234 1821 4308 orientalibus

487 4375 529 4424 ec
555 4345 733 4441 lapidibus
749 4338 916 4440 preciolir
943 4367 1028 4418 cum
1053 4343 1213 4420 eiusdem
1240 4345 1455 4420 redimiculir
1480 4347 1528 4420 ob
1543 4343 1821 4422 mteoeiloribur

486 4457 659 4557 epilbopie
674 4451 824 4532 eecleiie
840 4451 1002 4531 coucellu
1018 4455 1078 4530 sed
1105 4457 1301 4532 resonum
1317 4457 1477 4554 ruitque
1494 4481 1560 4554 per
1581 4459 1818 4532 repetendum
