4612 5964
477 693 544 756 119
986 679 1294 754 REGISTRUM
1653 687 1805 782 [sucum

474 885 518 956 ad
549 883 740 956 videndum
775 892 814 956 et
848 879 1068 954 audiendum
1101 873 1266 972 premissa
1299 877 1374 950 lieri
1406 880 1461 950 vel
1495 883 1540 952 ed
1574 883 1802 980 allegandum

474 994 613 1069 causam
631 1019 739 1090 quare
756 1019 839 1069 cnm
857 994 1086 1066 intimatione
1101 999 1141 1062 vt
1154 991 1264 1060 moris
1281 987 1335 1063 est
1349 1029 1357 1046 ·
1370 1013 1453 1084 quas
1470 992 1615 1085 quidem
1634 993 1805 1070 constitu·

475 1110 591 1180 tiones
605 1110 749 1181 decreta
761 1105 896 1180 statuta
911 1114 951 1177 et
968 1105 1212 1176 ordinationes
1224 1125 1289 1196 pro
1302 1102 1405 1174 nobis
1414 1112 1451 1174 et
1463 1099 1714 1179 successoribus
1726 1107 1805 1180 nos-

475 1222 539 1292 tris
551 1221 767 1294 ratificamus
777 1229 816 1290 et
832 1218 1070 1312 approbamus
1086 1225 1199 1311 atque
1215 1215 1260 1287 ad
1275 1214 1464 1286 earundem
1479 1213 1723 1289 inuiolabilem
1741 1221 1804 1292 ob-

474 1329 688 1404 seruantiam
711 1343 749 1402 et
766 1329 1009 1402 omnimodam
1033 1325 1279 1402 defensionem
1300 1349 1366 1398 nos
1388 1347 1468 1398 cnm
1489 1325 1625 1398 deenno
1642 1337 1681 1399 et
1698 1353 1805 1402 cano-

475 1445 563 1516 nicis
589 1443 735 1537 capituli
753 1438 861 1514 nostri
886 1441 1061 1513 antedibti
1086 1439 1177 1512 illud
1201 1463 1265 1533 pro
1291 1447 1451 1532 tempore
1476 1435 1803 1532 representantibus

476 1555 686 1626 nominatim
704 1563 743 1624 et
760 1555 798 1624 in
815 1550 931 1646 specie
957 1548 1143 1645 subscripti
1171 1551 1398 1623 iureiurando
1413 1551 1456 1624 ad
1474 1549 1542 1622 hoo
1567 1550 1672 1622 uuis
1699 1547 1803 1624 sacris

475 1666 533 1737 dci
550 1664 745 1760 euangelijs
760 1687 802 1734 ac
819 1661 883 1732 sub
909 1665 1013 1754 penis
1038 1685 1180 1734 camere
1199 1659 1393 1756 apostolice
1415 1658 1644 1734 astrinximus
1659 1671 1699 1734 et
1715 1663 1804 1735 obli-

473 1779 636 1872 gauimus
652 1785 758 1867 prout
775 1773 901 1842 harum
919 1769 1008 1843 serie
1031 1769 1258 1866 astringimus
1275 1785 1315 1845 et
1332 1775 1369 1844 in
1385 1775 1497 1848 forma
1512 1775 1599 1847 iuris
1616 1771 1804 1847 ursillum

474 1889 692 1982 obligamus·
705 1883 748 1954 Iu
761 1905 911 1974 quorum
925 1883 1088 1952 omnium
1102 1891 1141 1952 et
1154 1877 1374 1978 singulorum
1386 1887 1491 1958 sidem
1507 1898 1547 1960 et
1559 1883 1802 1960 testimonium

475 1994 716 2094 premissorum
743 1989 896 2088 sigillum
919 1987 1078 2064 nostrum
1104 1995 1348 2066 auttenticum
1376 2018 1548 2069 unacum
1572 1994 1685 2094 sigillo
1708 2023 1805 2072 corn-

475 2111 575 2180 muni
605 2107 731 2200 prefati
762 2099 869 2175 nostri
908 2105 1056 2196 capituli
1084 2103 1311 2196 presentibus
1340 2103 1421 2178 suut
1445 2105 1601 2202 appensa
1627 2133 1802 2186 matum

476 2221 602 2312 notarij
633 2216 765 2312 publici
800 2239 842 2286 no
871 2211 983 2286 scribe
1017 2215 1165 2307 capituli
1202 2212 1310 2286 nostri
1344 2215 1596 2312 subscriptione
1629 2222 1804 2296 roboratis

475 2333 567 2428 apud
592 2333 735 2401 domurn
766 2325 1000 2420 capitularem
1029 2326 1122 2396 (litte
1150 2323 1270 2397 nostro
1294 2323 1440 2400 ccclesre
1461 2329 1722 2403 decimosexto
1744 2336 1802 2406 die

475 2439 603 2518 mensis
623 2439 803 2531 Februarij
821 2461 916 2509 anno
935 2437 1081 2509 Domini
1101 2433 1291 2510 millesimo
1315 2437 1596 2534 quingentesimo
1622 2441 1803 2538 trigesimo

475 2555 623 2651 septimo
636 2549 859 2648 presentibus
875 2545 1052 2646 magistris
1067 2547 1238 2621 Johnnne
1255 2547 1447 2646 Kyncmgy
1470 2589 1480 2608 ·
1504 2550 1673 2626 dobanne
1695 2555 1804 2628 Chal·

475 2693 575 2740 nrer·
595 2666 738 2737 domino
755 2660 942 2733 ll'illclnro
960 2661 1137 2756 Myrtonn
1155 2702 1164 2718 ·
1184 2671 1223 2733 et
1240 2660 1378 2734 Jacobo
1395 2663 1592 2737 Sueutoun
1609 2666 1803 2760 capellanis

474 2792 512 2854 et
537 2776 703 2874 magistro
730 2775 925 2848 Laurentio
950 2773 1077 2868 Cbeyn
1101 2776 1243 2846 notario
1268 2774 1412 2868 publico
1438 2815 1447 2834 ·
1477 2788 1517 2848 et
1536 2776 1619 2850 talis
1642 2781 1804 2872 sequitur

474 2887 682 2984 subscriptio
700 2942 710 2959 .
988 2883 1232 2958 llsrnnnnuus
1250 2881 1443 2980 Episcopus
1458 2886 1751 2962 Abcrdoneusrs·

620 3110 777 3182 lacobus
795 3107 989 3200 Kyncragy
1008 3107 1164 3178 decanus
1181 3106 1464 3182 Abirdoueusrs·

621 3222 738 3292 Dauid
760 3217 996 3290 Disehintoun
1014 3228 1141 3312 cautor
1158 3215 1442 3292 Abirdonensls·

619 3329 802 3402 Jolrauncs
821 3325 923 3418 lleyd
941 3323 1175 3398 cancellarius
1192 3327 1474 3404 Abirdoncnsrs·

620 3441 797 3534 Georgius
815 3432 1008 3508 llnrscbell
1027 3435 1268 3513 thesaurarius
1285 3440 1539 3518 Abirdonensrs
1559 3489 1564 3496 ·

620 3553 796 3625 Patricius
815 3547 990 3642 Myrtoun
1008 3547 1305 3625 archidiaconus·

617 3663 775 3738 Jacobus
793 3658 969 3730 ll'nuane
986 3658 1032 3728 de
1049 3657 1154 3756 Opne
1172 3707 1181 3722 .

619 3773 829 3848 Alexander
845 3770 994 3864 Spittcll
1013 3769 1057 3840 dc
1075 3765 1176 3838 Clatt
1195 3805 1203 3822 ·

619 3887 778 3960 Jacobus
795 3882 969 3958 Gordonn
986 3881 1032 3954 de
1052 3877 1244 3970 Lunmcy·

621 3999 817 4072 linnennus
835 3993 992 4066 Bumctt
1009 3993 1053 4064 do
1072 3989 1234 4062 lllcthlik
1254 4029 1262 4046 ·

618 4108 827 4182 Willelmus
843 4103 969 4178 Carell
988 4104 1034 4176 dc
1053 4097 1275 4198 Tulpnestyn
1294 4141 1302 4158 ·

618 4219 829 4296 Alexander
844 4214 1030 4310 Galloway
1048 4217 1092 4288 dc
1110 4213 1265 4287 Kinkcll
1283 4253 1293 4270 ·

620 4333 800 4408 llcnricus
819 4325 966 4422 Forsytb
987 4327 1032 4398 de
1050 4321 1298 4422 Monymutk·

617 4444 829 4521 Alexander
845 4439 931 4536 Kyd
947 4436 1136 4512 succentor
1153 4481 1162 4498 ·

615 4557 773 4634 lacobus
790 4547 978 4648 byndesay
994 4553 1189 4626 eanonicus
1205 4549 1462 4628 Abirdouensu
1478 4593 1488 4612 ·
1613 4563 1620 4580 ·
