4612 5964
535 749 620 844 xa]
703 755 706 761 ·
1015 753 1421 828 aeunnonensa.
1841 766 1887 830 ee

533 944 635 1020 iiruul
656 945 721 1042 ipsi
739 960 907 1024 cantores
925 953 1132 1046 incipiant·
1156 954 1326 1024 ritimum
1352 977 1437 1024 vcro
1464 971 1736 1023 eannnrcauus
1762 949 1886 1024 secun-

533 1060 652 1131 darius
669 1085 715 1132 ex
734 1073 838 1156 parte
863 1062 928 1136 sua
953 1066 1123 1160 iniungat
1142 1105 1150 1122 ·
1169 1075 1208 1135 ct
1226 1061 1252 1134 sr
1271 1063 1407 1157 duplex
1425 1059 1556 1133 festum
1581 1062 1690 1132 fuerit
1707 1073 1859 1154 vterque
1876 1102 1884 1118 ·

532 1169 730 1243 Sciendum
757 1172 811 1245 est
828 1185 954 1247 autem
981 1177 1078 1268 quod
1106 1177 1151 1245 ad
1178 1172 1345 1264 viresque
1362 1170 1526 1264 resperas
1551 1181 1590 1242 et
1615 1173 1659 1244 nd
1685 1174 1884 1244 matutinas

531 1283 631 1354 etad
651 1281 787 1356 misiam
814 1297 963 1358 tantum
989 1289 1131 1378 regitur
1147 1285 1277 1354 chorus
1294 1284 1583 1375 quandocunque
1607 1285 1784 1378 regendus
1803 1283 1855 1355 est
1874 1326 1882 1340 ·

530 1396 576 1466 ad
594 1396 873 1491 completorium
900 1399 1059 1470 officium
1078 1393 1286 1487 principalis
1311 1391 1460 1464 rectoris
1488 1390 1542 1464 est
1566 1395 1756 1490 iniungere
1778 1393 1884 1466 verii-

530 1507 654 1578 culum
672 1520 711 1580 et
729 1509 967 1602 antiphonam
985 1505 1093 1598 super
1110 1525 1217 1576 nunc
1236 1525 1409 1575 nmnrrrs
1431 1507 1487 1576 cui
1508 1505 1663 1576 voluerit
1679 1547 1688 1564 ·
1708 1504 1753 1576 In
1771 1507 1883 1598 qued-

529 1616 703 1714 ragesrma
715 1644 801 1691 vero
819 1620 1022 1713 antiphona
1035 1636 1161 1686 mama
1178 1637 1270 1688 vire
1288 1627 1325 1688 ct
1343 1617 1541 1710 antiphona
1557 1639 1581 1688 o
1600 1637 1678 1688 nex
1696 1637 1882 1688 oaonrosss

528 1735 708 1824 repetitur
725 1729 804 1824 post
820 1728 1000 1824 psalmum
1019 1746 1128 1798 Nunc
1148 1748 1341 1798 nmurrrs·
1357 1727 1565 1811 Queruntur
1578 1724 1741 1800 rersrculi
1759 1753 1781 1800 a
1797 1752 1881 1800 can-

528 1853 608 1915 tore
624 1842 761 1915 seilicet
774 1845 812 1914 in
832 1838 1056 1932 iimplicibus
1073 1834 1172 1910 festis
1190 1863 1210 1910 n
1228 1840 1369 1910 duobus
1387 1838 1586 1912 rectoribus
1603 1841 1701 1912 chori
1720 1842 1878 1934 pariter·

528 1954 573 2026 In
591 1954 796 2048 duplicibus
813 1948 914 2024 festis
931 1975 953 2022 a
971 1951 1113 2022 duobus
1131 1952 1328 2022 rectoribus
1346 1951 1603 2046 principalibus
1622 2005 1629 2022 .

527 2067 588 2138 Ad
618 2066 825 2138 Matutinus
855 2063 1015 2134 officium
1043 2063 1251 2156 principalis
1279 2065 1425 2136 redonis
1450 2061 1504 2136 est
1532 2067 1570 2136 in
1598 2066 1721 2159 primis
1746 2066 1879 2136 inuita·

526 2178 660 2248 torium
679 2201 701 2247 a
718 2183 866 2247 cantore
884 2197 1037 2266 querere
1064 2183 1102 2246 ot
1121 2187 1268 2246 cantum
1288 2175 1413 2268 psalmi
1431 2195 1575 2248 vaxrrn
1596 2178 1727 2249 deinde
1743 2179 1878 2248 inuita·

525 2291 661 2360 torium
691 2310 775 2358 cum
801 2283 864 2356 suo
891 2283 986 2356 socio
1013 2287 1164 2377 incipiat
1189 2298 1228 2357 ct
1254 2287 1428 2381 psalmum
1454 2285 1569 2382 ipsum
1596 2285 1699 2360 simul
1725 2298 1877 2361 cantent

525 2397 648 2494 postca
667 2397 874 2492 principalis
888 2399 1008 2467 rcttor
1024 2407 1154 2489 queret
1172 2422 1193 2468 a
1210 2401 1348 2470 rectore
1365 2421 1539 2493 ympnum
1558 2411 1597 2472 et
1614 2403 1767 2495 primam
1784 2403 1877 2472 anti-

524 2512 681 2605 phonam
700 2507 805 2603 super
832 2507 988 2603 piidmos
1006 2510 1139 2581 deinde
1165 2508 1285 2580 versus
1304 2508 1366 2580 suo
1384 2510 1463 2583 loco
1481 2521 1519 2582 et
1536 2513 1687 2606 primam
1710 2512 1878 2606 antipho·

524 2645 608 2694 nam
627 2620 733 2715 super
748 2621 875 2692 laudes
892 2630 932 2692 et
950 2629 1074 2693 cetere
1091 2622 1213 2692 omnia
1228 2633 1268 2692 rt
1281 2618 1386 2714 supra
1403 2632 1570 2693 notatum
1588 2619 1641 2694 est
1652 2624 1698 2694 ed
1712 2621 1876 2716 vesperae

525 2732 609 2805 sunt
626 2733 861 2825 exequenda·

522 2846 586 2918 Ad
604 2845 765 2916 Primam
782 2844 942 2915 officium
956 2842 1166 2937 principalis
1184 2844 1331 2915 rectoris
1344 2841 1397 2914 cst
1412 2845 1647 2938 antiphonam
1664 2845 1770 2940 super
1786 2845 1877 2940 psai-

523 2980 622 3028 mum
642 2958 847 3049 cuicunque
866 2953 946 3026 vult
963 2955 1155 3049 iniungere
1173 2965 1211 3026 et
1228 2954 1489 3050 responsorium
1509 2956 1534 3027 J
1538 2977 1607 3030 esu
1626 2957 1796 3030 Cumara
1817 2961 1874 3030 eui

524 3068 705 3139 voluerit·

522 3180 583 3252 Ad
606 3175 749 3250 Miiiam
765 3177 924 3250 officium
943 3177 1153 3271 principalia
1171 3180 1317 3250 rectoris
1334 3175 1387 3250 est
1403 3203 1425 3253 a
1442 3190 1589 3252 cantore
1607 3183 1783 3275 imprimis
1800 3188 1876 3256 oiii·

522 3293 620 3362 cium
645 3312 796 3382 querere
821 3288 956 3360 deiude
982 3286 1078 3360 socio
1105 3287 1169 3359 suo
1194 3288 1283 3360 iliud
1311 3293 1480 3363 intimare
1502 3291 1623 3385 postea
1651 3293 1739 3366 iilud
1770 3295 1872 3368 simui

523 3404 697 3495 incipiant
715 3409 754 3471 et
772 3397 950 3492 psalmum
977 3401 1149 3472 intonent
1166 3414 1206 3472 et
1232 3421 1373 3473 oaonm
1392 3422 1502 3473 earm
1521 3404 1697 3496 incipiant
1713 3445 1722 3464 ·
1741 3408 1873 3480 deinde

523 3533 647 3586 rernm
681 3511 808 3583 codem
836 3512 945 3582 modo
975 3521 1151 3603 queratur
1175 3521 1213 3583 et
1241 3515 1432 3583 intimetur
1456 3525 1494 3584 ct
1520 3515 1712 3608 incipiatur
1740 3520 1872 3590 deinde

521 3623 710 3716 sequentia
726 3622 950 3693 offertorium
967 3643 1094 3694 noxus
1107 3634 1146 3694 ct
1159 3625 1365 3694 communio
1380 3625 1538 3717 prediito
1555 3627 1662 3697 modo
1675 3641 1874 3720 querantur

521 3740 739 3808 intimentur
755 3745 793 3806 et
811 3734 1035 3826 incipiantur
1051 3771 1060 3790 ·

521 3959 695 4031 Prctcrea
713 3977 755 4028 m·
774 3976 977 4029 rnoresrre
995 3975 1138 4028 ornans
1156 3979 1221 4050 per
1239 3968 1354 4030 totam
1375 3959 1612 4032 ebdomadam
1637 3963 1799 4038 eiusdem
1818 3965 1871 4038 est

519 4071 678 4143 officium
706 4069 751 4140 ad
776 4064 940 4161 vesperae
958 4065 1081 4139 versus
1098 4080 1137 4139 et
1154 4069 1390 4162 antiphonam
1408 4067 1514 4165 super
1537 4069 1712 4166 psalmum
1731 4096 1873 4149 uroni-

520 4201 631 4254 rrcir
656 4202 808 4272 querere
825 4192 865 4251 et
883 4181 1075 4274 iniungere
1091 4190 1131 4251 et
1149 4199 1422 4254 nexrmcnuue
1448 4184 1634 4278 iniungere
1651 4187 1695 4257 ad
1714 4190 1873 4283 comple·

519 4295 654 4367 torium
673 4303 713 4364 rt
730 4288 836 4385 supra
860 4331 871 4348 ·
895 4290 958 4363 Ad
987 4291 1188 4363 matutinas
1212 4293 1248 4363 in
1275 4290 1440 4386 profestis
1465 4295 1592 4368 riiebue
1619 4299 1871 4373 inuitatorium

519 4427 671 4500 querere
688 4412 727 4474 et
745 4403 935 4496 iniungere
961 4400 1085 4474 vertite
1104 4413 1144 4474 et
1161 4405 1399 4496 autiphonam
1423 4402 1528 4500 super
1552 4405 1726 4501 psalmum
1753 4432 1873 4485 aare·

521 4535 660 4590 nterea
684 4536 835 4607 querere
852 4523 892 4586 et
910 4515 1103 4609 iniungere
1128 4524 1167 4585 et
1189 4533 1463 4589 antelucanus
1490 4519 1703 4616 iniungere·
1721 4520 1782 4594 Ad
1802 4529 1872 4618 pri·

519 4651 616 4702 mam
633 4625 658 4698 J
662 4647 731 4700 esu
750 4623 925 4697 cnrrsrr
942 4623 1205 4720 responsorium
1223 4627 1412 4723 iniungere
1430 4669 1438 4686 ·
