4526 5954
295 676 303 690 υ
449 743 558 840 x111.]
924 745 1328 826 ABERDONnNsn
1714 755 1786 828 275

448 945 573 1019 Suotie
588 944 738 1022 liberius
762 953 928 1045 quieeiue
944 958 985 1026 et
999 947 1297 1024 honorificentius
1320 953 1467 1018 tenetur
1482 952 1547 1016 aut
1561 940 1783 1038 puffidetur·

446 1058 500 1128 ita
514 1057 611 1151 quod
635 1057 759 1134 nullus
782 1061 961 1137 heredum
985 1057 1188 1135 nostrornm
1204 1083 1228 1131 a
1243 1055 1338 1130 (litto
1361 1051 1528 1148 hospitali
1547 1053 1693 1147 aliquod
1707 1055 1786 1128 exi·

445 1189 531 1264 gere
556 1168 741 1266 presumat
766 1169 834 1246 uifi
860 1171 953 1248 solas
977 1173 1158 1246 orationes
1186 1169 1234 1242 ad
1261 1164 1416 1240 sulutem
1439 1165 1641 1238 animarum
1664 1205 1675 1226 ·
1702 1163 1784 1238 Nus

446 1302 532 1354 vero
547 1290 588 1357 et
602 1283 754 1360 heredes
769 1281 882 1358 nostri
897 1281 1115 1356 sorinseenm
1130 1274 1318 1352 seruitium
1340 1275 1477 1348 domini
1493 1277 1587 1374 regis
1603 1286 1781 1370 qnantum

446 1393 492 1466 ad
508 1393 621 1470 distas
635 1403 752 1470 terras
768 1397 932 1492 pertinet
955 1393 996 1465 in
1019 1396 1238 1486 perpetuum
1259 1387 1434 1461 faciemus
1447 1409 1514 1482 pro
1529 1409 1601 1483 quo
1616 1387 1783 1462 volumus

444 1507 541 1599 quod
567 1502 751 1582 residuum
776 1516 875 1580 terre
898 1499 1020 1576 nostre
1044 1500 1092 1573 de
1108 1497 1226 1574 Onele
1259 1501 1298 1573 in
1330 1507 1545 1596 perpetuum
1570 1495 1783 1596 respondeat

444 1626 485 1692 et
499 1617 547 1694 ab
562 1619 692 1694 eudem
709 1615 851 1693 residuo
874 1623 971 1688 terre
995 1607 1118 1684 nostre
1142 1612 1189 1685 de
1205 1610 1323 1686 Onele
1349 1611 1485 1686 (littam
1507 1607 1695 1686 seruitium
1710 1611 1782 1684 sor·

442 1727 603 1806 insenum
619 1732 813 1827 exigatur·
831 1723 913 1800 Nos
937 1731 1063 1798 autem
1079 1731 1119 1797 et
1134 1722 1287 1799 heredes
1310 1719 1422 1798 nostri
1447 1723 1583 1798 <libum
1602 1721 1781 1820 hospitale

442 1843 483 1916 in
497 1839 657 1939 personis
672 1840 779 1914 terris
802 1831 962 1932 euelefijs
979 1843 1019 1910 et
1033 1834 1143 1909 rebus
1158 1836 1327 1911 omnibns
1347 1835 1543 1911 mobilibus
1558 1843 1598 1912 et
1613 1835 1781 1910 immobi-

442 1953 538 2028 libus
553 1961 595 2027 et
609 1950 778 2025 omnibus
789 1944 861 2020 suis
872 1945 1104 2022 libertatibus
1115 1957 1244 2022 eontm
1255 1970 1381 2022 omnes
1391 1948 1556 2023 homines
1571 1955 1612 2023 et
1626 1948 1781 2023 feminas

442 2062 762 2141 wamndiaabimns
782 2059 1104 2134 manutenebimus
1126 2059 1412 2156 eequietabimus
1438 2070 1478 2136 et
1500 2061 1542 2136 in
1562 2071 1780 2158 perpetuum

441 2176 677 2252 defendemus
694 2210 704 2230 ·
722 2169 966 2246 Goneedimus
980 2167 1127 2268 insuper
1141 2173 1240 2268 quod
1253 2171 1376 2267 aliquo
1392 2172 1545 2246 frenum
1560 2171 1647 2246 disti
1662 2170 1780 2269 bospi-

440 2288 526 2363 tslis
539 2295 663 2382 preter
678 2276 890 2378 magiſtrum
904 2282 1060 2358 eadente
1075 2282 1135 2357 vel
1150 2285 1353 2360 deeedente
1368 2283 1415 2358 de
1430 2281 1602 2359 eonsensn
1617 2284 1778 2382 magistri

440 2397 516 2473 siue
531 2391 688 2472 mstodn
704 2401 744 2466 et
759 2393 913 2466 fratrum
938 2391 1100 2469 einlbem
1115 2394 1302 2491 hospitalis
1326 2395 1419 2470 alius
1435 2395 1516 2470 loeo
1539 2395 1638 2470 illins
1652 2393 1790 2489 snbstiq

440 2517 586 2585 tuetur·
598 2500 766 2604 magistro
776 2505 932 2579 cedente
942 2504 1001 2580 vel
1018 2505 1219 2581 deuedente
1234 2505 1327 2581 alins
1342 2507 1497 2605 collegio
1512 2502 1651 2604 ipsique
1660 2505 1779 2603 hospi-

440 2621 506 2697 tali
522 2620 569 2696 ad
585 2619 748 2715 regimen
764 2613 924 2692 eiusdem
935 2619 1065 2692 tamin
1076 2614 1321 2713 spiritualibus
1336 2641 1446 2713 qnam
1463 2619 1502 2692 in
1518 2617 1778 2715 temporalibus

439 2726 585 2828 deipsis
601 2730 773 2804 fratribus
789 2729 848 2802 vel
865 2737 970 2804 extra
985 2730 1048 2804 vbi
1070 2732 1186 2827 magis
1202 2731 1361 2804 uiderint
1385 2729 1557 2826 expedire
1572 2728 1653 2804 loco
1677 2729 1776 2804 illius

438 2845 595 2942 eligatur
610 2844 673 2938 qui
689 2839 825 2916 uenus
850 2840 956 2915 nobis
972 2851 1013 2917 et
1027 2842 1222 2917 heredibus
1238 2839 1367 2917 nostris
1382 2839 1610 2939 presentetur
1624 2851 1664 2918 et
1679 2843 1776 2938 quod

439 2955 656 3032 mnonieum
679 2954 790 3028 fuerit
814 2948 1013 3050 dyocesano
1038 2953 1110 3029 loci
1129 2954 1347 3030 exhibeatur
1371 2995 1381 3015 ·
1408 2953 1459 3028 Et
1475 2965 1517 3029 rt
1540 2954 1605 3030 illa
1627 2955 1776 3029 <lunatio

439 3074 708 3164 imperpetuum
740 3076 822 3141 ruta
843 3061 890 3139 fit
917 3075 958 3140 et
982 3062 1189 3142 inconeussa
1220 3067 1290 3141 bue
1322 3064 1492 3163 seriptum
1525 3061 1633 3164 figilli
1664 3063 1776 3140 nostri

437 3179 640 3253 munimine
663 3177 817 3252 seeimne
842 3177 1001 3252 roborari
1024 3217 1035 3238 ·
1060 3176 1201 3253 Datum
1226 3179 1322 3274 apud
1346 3177 1533 3276 lnnerwry
1556 3179 1597 3253 in
1621 3173 1776 3254 erastino

438 3292 661 3366 inuentionis
677 3287 796 3365 senae
811 3291 929 3364 erneis
950 3313 1048 3365 auno
1062 3292 1181 3388 gratie
1203 3286 1394 3364 millesimo
1409 3285 1656 3366 dueenteflmo
1671 3291 1775 3385 quin·

438 3400 645 3502 quagesima
675 3444 685 3464 ·
711 3401 795 3497 llijs
811 3398 966 3476 testibus
981 3401 1180 3478 venerabili
1195 3411 1301 3498 patre
1317 3401 1373 3476 P·
1391 3400 1463 3477 Dei
1478 3403 1596 3500 gratia
1611 3399 1775 3500 episeopo

437 3510 689 3590 Aberdonensr
715 3555 724 3574 ·
751 3511 952 3588 Maleolme
977 3514 1230 3590 erebidiauono
1255 3511 1415 3589 eiulilem
1436 3553 1448 3574 ·
1472 3517 1618 3590 domino
1645 3513 1775 3590 Golino

439 3623 621 3701 Hostiario
641 3628 753 3701 fratre
772 3622 894 3699 nostru
922 3662 934 3685 ι
959 3627 1107 3700 domino
1122 3625 1381 3702 Bartholomeo
1396 3625 1547 3702 Andree
1570 3667 1580 3686 ·
1604 3627 1775 3700 Jubanne

438 3737 643 3814 Gambron·
658 3739 799 3812 Thomu
810 3739 858 3811 de
866 3735 1164 3838 (lunyngburch
1181 3735 1362 3812 Riuhardo
1380 3735 1570 3815 Mascula·
1586 3738 1717 3813 Oulino
1727 3740 1774 3812 de

438 3846 1005 3925 bondermermilitibnsnostris·
1016 3847 1774 3948 AndreaetWillelmueapellnnlsnustris·

439 3962 526 4037 Adn
540 3972 580 4038 et
595 3962 682 4038 Ada
697 3963 837 4038 elericis
853 3957 982 4037 nostris
997 3971 1039 4038 et
1053 3961 1181 4038 multis
1197 3959 1305 4058 aliis·

440 4073 521 4150 Nae
545 4075 659 4172 igitur
673 4074 887 4150 Alexander
901 4069 1130 4170 permiffione
1153 4075 1279 4150 diuina
1302 4071 1487 4171 episeopus
1504 4013 1773 4152 Aberduneniie

438 4188 532 4262 bane
556 4185 712 4284 legimus
727 4188 884 4262 vidimus
899 4198 940 4262 et
955 4185 1206 4262 intelleximus
1220 4208 1295 4263 non
1311 4189 1481 4262 vieintm
1497 4209 1567 4262 neu
1588 4188 1630 4262 in
1652 4185 1775 4283 aliqua

437 4294 1127 4398 suiperteabolitametinsrgnnmven
1115 4294 1334 4395 uffimonij
1346 4295 1600 4396 buiefigillum
1611 4295 1772 4374 nestram

438 4411 591 4486 senimus
605 4411 764 4509 apponi·
971 4461 976 4469 -
