4526 5954
468 665 541 732 288
986 654 1295 731 REGISTRUM
1655 662 1804 758 [secum

469 855 651 930 habendos
676 859 787 934 diaes
803 880 943 931 annuos
965 855 1130 930 redditus
1147 877 1231 926 cum
1256 855 1485 949 pertineneije
1501 854 1597 928 disto
1613 857 1750 932 lnoobo
1766 871 1805 934 ot

469 969 662 1043 heredibus
683 966 754 1043 suis
770 972 816 1044 de
833 970 938 1044 nobie
955 979 994 1042 et
1010 966 1205 1040 heredibus
1231 963 1359 1038 nostrie
1376 967 1412 1036 in
1428 965 1533 1038 seodo
1550 978 1589 1038 et
1605 968 1807 1044 hereditate

469 1082 738 1176 inperpetuum
763 1083 854 1156 odeo
871 1082 987 1154 libere
1003 1089 1042 1153 et
1059 1079 1184 1174 quiete
1203 1077 1364 1174 plenarie
1388 1077 1526 1174 integre
1551 1088 1590 1150 et
1615 1079 1807 1154 bonorifioe

468 1193 562 1264 bene
585 1205 623 1266 et
644 1196 683 1265 in
706 1217 795 1287 pooe
817 1195 856 1267 in
880 1195 1050 1266 omnibus
1078 1201 1119 1264 et
1143 1213 1210 1286 per
1236 1191 1358 1262 omnin
1382 1183 1470 1261 stent
1492 1188 1608 1261 diens
1633 1189 1806 1262 Ricardus

469 1304 582 1377 oreos
599 1327 738 1378 ennuoe
762 1306 927 1378 redditus
946 1327 1032 1377 enm
1057 1303 1293 1398 pertinenoije
1317 1302 1364 1373 de
1389 1301 1488 1374 nobie
1504 1308 1543 1372 ot
1560 1296 1806 1394 predecessori-

469 1416 536 1488 bus
553 1414 682 1489 nostrie
697 1424 784 1488 onte
800 1417 936 1488 diotem
958 1410 1237 1510 resignationem
1256 1414 1359 1488 nobie
1381 1414 1507 1486 sellem
1524 1411 1671 1483 liberius
1688 1413 1807 1484 tenuit

468 1527 528 1599 seu
546 1524 697 1622 possedit
713 1523 833 1597 ·soluo
855 1525 1008 1598 seruioio
1025 1521 1148 1596 nostro
1165 1565 1174 1586 ·
1193 1524 1239 1597 In
1256 1529 1359 1600 cuiue
1383 1527 1432 1598 rei
1457 1520 1701 1596 testimonium
1727 1546 1807 1618 pre-

469 1636 560 1709 senti
577 1646 676 1709 carte
699 1631 819 1708 nostre
846 1633 1010 1707 nostrum
1035 1637 1263 1729 precepimus
1289 1639 1418 1732 opponi
1442 1632 1598 1733 sigillum
1616 1675 1626 1694 ·
1642 1631 1805 1708 Testibue

467 1747 731 1821 venerabilibus
745 1751 782 1819 in
795 1741 939 1818 Christo
949 1747 1115 1840 patribus
1126 1745 1295 1818 Woltero
1308 1757 1347 1818 et
1360 1747 1509 1820 Matheo
1522 1745 1646 1819 senei
1657 1747 1804 1820 Andree

468 1870 506 1931 et
524 1853 752 1953 Glasgueniie
777 1851 1008 1930 ecclesiarum
1037 1853 1213 1950 episcopie
1230 1895 1239 1912 ·
1258 1855 1417 1928 Roberto
1443 1857 1576 1928 comite
1601 1856 1647 1929 de
1672 1855 1745 1952 Fys
1764 1868 1803 1929 et

465 1970 510 2041 de
528 1966 701 2040 Menteth
720 1969 831 2041 fratre
848 1963 970 2039 nostro
987 1961 1164 2040 oorillimo
1177 2005 1186 2024 ·
1200 1966 1420 2040 Archibeldo
1435 1968 1569 2038 comite
1583 1967 1629 2038 de
1641 1966 1802 2064 Douglee

464 2079 610 2152 domino
641 2077 819 2152 Gnlwidie
852 2119 863 2137 ·
891 2077 1033 2150 Joeobo
1067 2077 1114 2150 de
1149 2074 1312 2172 Douglne
1345 2077 1487 2150 domino
1524 2076 1570 2148 de
1604 2075 1801 2150 Dnlketlr·

463 2188 603 2262 Thomu
625 2191 672 2262 de
695 2188 860 2286 Erskyne
878 2231 887 2250 ·
906 2187 1184 2285 consanguineis
1207 2183 1335 2262 nostrie
1364 2188 1500 2262 dueum
1525 2186 1701 2260 militibus
1726 2229 1735 2248 ·
1763 2199 1801 2262 et

464 2301 674 2373 Alexandro
695 2302 740 2374 de
758 2301 933 2375 Cokburn
951 2303 998 2374 de
1016 2299 1210 2397 Lnngtone
1233 2298 1381 2374 custode
1404 2302 1523 2396 magni
1542 2295 1647 2395 sigilli
1665 2297 1771 2373 nostri
1790 2341 1799 2360 ·

341 2427 348 2448 ·
463 2414 575 2508 Apud
605 2412 716 2485 Perth
742 2414 957 2487 duodecimo
983 2413 1044 2486 die
1066 2412 1201 2487 meniis
1219 2412 1436 2486 Nouembris
1450 2435 1547 2486 enno
1563 2414 1663 2509 regni
1689 2411 1799 2487 nostri

460 2525 589 2619 quinto
605 2565 615 2583 ·

460 2800 662 2935 sloncordie
678 2864 775 2933 inter
798 2861 970 2934 abbatem
997 2861 1043 2933 de
1069 2859 1249 2933 Kelohow
1267 2871 1306 2932 et
1331 2860 1455 2932 sretree
1478 2858 1796 2935 Jerosolomitonoe

460 2970 566 3068 snper
582 2975 688 3046 terrie
704 2973 750 3044 de
766 2971 898 3067 Cultyr
914 3012 925 3033 ·

462 3173 565 3272 Hoo
581 3193 633 3268 est
651 3192 917 3289 transumptum
935 3190 1011 3268 siue
1035 3198 1142 3291 copie
1157 3191 1342 3268 cuiusdam
1358 3195 1528 3268 tnltotue
1544 3210 1584 3269 et
1599 3197 1796 3270 amicabilis

460 3309 648 3382 concordie
684 3308 774 3380 inite
808 3305 904 3380 selle
943 3319 982 3380 et
1019 3307 1237 3382 concordate
1271 3309 1367 3380 inter
1400 3306 1579 3405 religiosos
1616 3311 1710 3382 viror
1733 3311 1796 3384 ob-

459 3423 581 3496 botem
623 3433 662 3491 et
696 3430 920 3493 conuentum
960 3417 1168 3513 monasterij
1212 3420 1258 3492 de
1291 3417 1463 3493 Kelenow
1501 3421 1548 3494 ob
1590 3443 1659 3494 vno
1692 3435 1794 3517 porte

459 3546 498 3605 et
532 3526 741 3626 magistrum
770 3545 810 3602 et
836 3532 966 3604 iratres
992 3531 1125 3605 militie
1153 3531 1281 3627 templi
1305 3529 1582 3606 lerosolimitoni
1608 3534 1645 3603 in
1671 3532 1794 3606 Scotie

458 3667 505 3717 ex
521 3641 638 3716 altere
653 3641 756 3714 cuiue
772 3653 878 3713 tenor
891 3637 1054 3736 seqnitur
1065 3652 1105 3716 et
1122 3639 1177 3716 est
1190 3643 1273 3716 tulis
1285 3680 1295 3701 ·
1306 3641 1580 3716 Memomndum
1598 3645 1694 3738 quod
1710 3667 1792 3718 eum

457 3775 577 3829 eorum
594 3753 641 3825 de
657 3749 846 3825 ledworth
871 3753 976 3827 etde
1000 3753 1136 3829 Sentio
1150 3754 1269 3828 Cruoe
1287 3749 1577 3828 monasteriorum
1601 3757 1793 3830 obbatibue

459 3865 636 3940 iudicibus
668 3860 799 3937 osede
831 3861 1028 3958 apostoliea
1057 3866 1234 3962 delegetis
1267 3879 1306 3939 et
1332 3887 1452 3938 eorum
1477 3865 1718 3963 commisserije
1749 3892 1792 3942 oo

456 3979 603 4050 demum
627 3995 747 4048 eorem
772 3969 957 4070 subpriore
980 3990 1020 4052 et
1044 3976 1189 4052 sacrista
1211 3978 1257 4051 de
1280 3976 1459 4074 Driburglr
1485 3979 1681 4054 eorundem
1696 4001 1793 4054 oom-

455 4085 617 4182 millmijs
637 4084 801 4160 toteliter
824 4099 864 4159 et
888 4086 928 4160 in
952 4087 1105 4164 solidum
1131 4085 1254 4162 suisset
1268 4085 1405 4184 questio
1424 4088 1632 4184 eliquendin
1655 4093 1792 4186 agitet·

454 4205 551 4274 inter
567 4200 661 4271 viroe
677 4192 859 4294 religiosor
875 4198 1047 4276 abbatem
1065 4216 1106 4276 et
1122 4213 1346 4274 conuentum
1362 4198 1559 4298 monosterij
1577 4203 1624 4276 de
1640 4201 1790 4277 Keloow

454 4313 590 4388 oQores
607 4333 654 4382 ex
670 4319 773 4405 perte
786 4329 858 4382 vno
873 4321 913 4382 et
930 4311 1142 4410 magistrum
1165 4323 1205 4386 et
1222 4313 1350 4386 tratre
1365 4313 1491 4386 militie
1507 4313 1635 4409 templi
1650 4312 1790 4387 Jerolir·

453 4422 607 4498 limiteni
625 4423 662 4494 in
681 4419 807 4494 Sootio
822 4441 904 4492 reoo
925 4444 973 4495 ex
996 4423 1113 4500 eltern
1128 4433 1233 4520 perte
1249 4420 1355 4520 super
1369 4424 1504 4522 erpelle
1520 4425 1648 4499 domur
1664 4425 1789 4520 templi

451 4532 643 4611 decolore
661 4526 931 4605 Aberdonenfie
948 4530 1100 4610 diooesm
1115 4557 1225 4630 quem
1242 4535 1327 4610 uei
1344 4537 1449 4612 obbae
1465 4549 1505 4612 et
1526 4550 1728 4612 oonuentue
1742 4539 1790 4612 «le
