4526 5954
490 717 600 814 unu]
962 724 1367 800 ABERDONENSE.
1754 726 1828 802 265

487 917 716 992 diaconorum
743 921 885 997 suorum
909 934 948 998 et
974 922 1123 1020 capituli
1150 924 1271 998 Sancti
1298 925 1452 998 Andree
1476 924 1715 996 amicabiliter
1739 951 1825 998 con-

487 1033 587 1104 venit
598 1074 606 1088 ·
619 1034 790 1109 videlicet
801 1038 896 1131 quod
916 1038 1083 1109 dominus
1100 1035 1285 1131 episcopua
1302 1035 1424 1108 Sancti
1436 1036 1584 1106 Andree
1597 1031 1768 1106 oonceffit
1782 1053 1823 1109 vt

484 1142 616 1237 hijdem
647 1147 760 1221 kildei
786 1151 832 1222 de
860 1161 982 1222 cetero
1013 1171 1124 1218 vnum
1151 1148 1308 1218 habeant
1338 1147 1565 1218 refectorium
1595 1168 1706 1216 vnum
1741 1147 1822 1220 dor·

484 1257 668 1332 mitorium
703 1270 741 1333 et
776 1283 888 1333 vnum
922 1260 1118 1330 oratorium
1150 1252 1225 1327 fine
1261 1252 1430 1328 fimiterio
1460 1260 1513 1330 ita
1545 1259 1643 1352 quod
1672 1281 1821 1351 corpora

482 1367 684 1445 kildeorum
714 1381 753 1445 et
781 1371 995 1444 clericorum
1025 1363 1100 1438 fine
1127 1365 1299 1439 laicorum
1328 1392 1410 1442 cum
1437 1372 1489 1442 eia
1515 1371 1818 1442 commorantium

479 1481 518 1553 in
536 1479 708 1556 srmiterio
723 1479 936 1578 parochialia
952 1474 1104 1550 ecclesie
1120 1478 1166 1548 de
1180 1477 1422 1574 Monymulke
1440 1477 1713 1555 ecclesiasticam
1728 1483 1818 1552 reci-

478 1596 580 1688 piant
597 1593 816 1690 sepulturam
842 1594 896 1663 itu
911 1589 1025 1660 libere
1043 1583 1133 1660 ficut
1155 1588 1227 1662 huc
1245 1592 1354 1686 vsque
1369 1593 1486 1666 solent
1503 1592 1644 1688 sepeliri
1661 1590 1759 1664 saluo
1777 1593 1815 1663 in

477 1709 644 1779 omnibus
660 1709 738 1778 iure
753 1702 914 1776 matricis
939 1695 1115 1772 ecclesre·
1140 1699 1259 1774 Erunt
1275 1720 1399 1777 autem
1417 1706 1467 1777 ibi
1490 1705 1682 1778 duodecim
1700 1703 1813 1776 kildei

475 1829 515 1891 et
540 1819 700 1892 decimus
734 1815 864 1887 tertius
898 1815 968 1884 erit
1001 1811 1143 1885 Briciua
1173 1837 1281 1907 quem
1315 1813 1381 1911 ipsr
1410 1819 1522 1891 kildei
1551 1814 1813 1913 presentabunt

475 1932 622 2003 domino
638 1925 802 2022 episcopo
829 1921 951 1996 Sancti
974 1923 1124 1998 Andree
1150 1936 1190 1996 vt
1208 1923 1253 1999 srt
1278 1927 1447 2025 magister
1461 1940 1527 2003 aut
1542 1931 1641 2025 prior
1657 1951 1782 2001 eorum
1802 1969 1810 1985 ·
1830 1975 1835 1990 ι

474 2041 530 2114 Eo
543 2050 666 2114 autem
683 2037 837 2110 cedente
862 2048 928 2109 aut
944 2037 1145 2109 decedente
1162 2038 1276 2112 kildei
1293 2042 1339 2114 de
1356 2043 1557 2115 conkildeia
1582 2038 1660 2114 suia.
1671 2040 1811 2138 eligent

472 2154 612 2226 tresde
636 2149 820 2222 communi
846 2145 1020 2220 consensu
1038 2171 1163 2222 eorum
1181 2163 1220 2222 et
1245 2176 1307 2225 eoa
1332 2151 1496 2248 episcopo
1513 2153 1637 2227 Sancti
1660 2153 1809 2226 Andree

471 2267 675 2360 quicunque
692 2260 802 2331 suerit
819 2258 1078 2352 presentabunt
1095 2273 1136 2332 vt
1152 2285 1216 2356 pro
1233 2265 1422 2338 voluntate
1439 2277 1478 2339 et
1499 2262 1729 2361 dispositione
1746 2262 1809 2337 sua

469 2375 654 2472 episcopus
679 2371 801 2444 Santi
827 2371 977 2444 Andree
1002 2374 1048 2444 de
1073 2373 1189 2445 tribua
1212 2371 1364 2449 assumat
1390 2401 1501 2449 vnum
1518 2380 1580 2472 qui
1606 2379 1805 2471 prioratum

469 2489 543 2561 liue
560 2481 802 2580 magisterium
819 2484 954 2556 habeat
971 2493 1010 2557 et
1026 2483 1147 2556 eidem
1162 2495 1334 2579 tanquam
1349 2490 1529 2562 fundatori
1544 2491 1674 2562 domus
1690 2489 1806 2562 kilde·

468 2622 569 2671 orum
587 2595 801 2669 fidelitatem
825 2597 935 2669 saciet
953 2635 962 2654 ·
980 2596 1074 2668 etin
1093 2592 1271 2669 electione
1292 2601 1417 2693 prioris
1433 2599 1493 2672 vel
1509 2595 1670 2696 magistri
1686 2599 1805 2672 kilde·
1823 2613 1825 2620 ’

467 2734 568 2782 orum
583 2713 634 2782 ita
652 2711 735 2780 liet·
749 2709 817 2778 lroc
832 2707 971 2780 adiecto
988 2707 1084 2800 quod
1099 2728 1172 2778 non
1187 2708 1311 2782 licebit
1323 2708 1456 2784 eisdem
1470 2712 1601 2785 kildeis
1614 2713 1727 2783 vitam
1741 2710 1802 2783 seu
1853 2791 1858 2802 Ι

464 2823 626 2894 ordinem
653 2820 908 2893 monachorum
927 2818 986 2890 vel
1012 2819 1267 2892 canonicorum
1284 2823 1501 2918 regularium
1528 2819 1603 2895 srne
1631 2819 1803 2896 consensu

464 2929 572 3029 ipsrus
602 2929 753 3026 episcopi
782 2929 841 3002 vel
866 2925 1102 3003 successorum
1129 2926 1271 3003 suorum
1300 2934 1434 3007 ibidem
1460 2935 1621 3030 profiteri
1651 2938 1689 3007 in
1722 2959 1802 3030 per·

462 3055 613 3142 petuurn
652 3065 769 3135 neque
803 3065 994 3114 numerum
1020 3041 1225 3114 kildeorum
1260 3047 1551 3140 prenominatum
1586 3049 1798 3121 excedere·

462 3159 626 3232 Gedeote
656 3178 740 3227 vero
765 3165 831 3227 aut
864 3155 1068 3227 decedente
1093 3152 1215 3247 aliquo
1241 3156 1445 3230 kildeorum
1479 3157 1593 3231 libere
1615 3170 1797 3255 'poterunt

462 3271 572 3345 alium
598 3262 813 3339 substituere
829 3263 939 3360 vsque
965 3287 1159 3337 numerum
1194 3271 1484 3360 prenominatum
1514 3270 1567 3342 ita
1593 3272 1690 3364 quod
1717 3273 1795 3364 qui-

461 3383 553 3458 libet
569 3381 712 3453 kildeua
729 3375 895 3473 presente
912 3375 1079 3472 episcopo
1097 3376 1218 3450 Sancti
1234 3379 1384 3454 Andree
1401 3380 1459 3452 rel
1477 3403 1521 3452 eo
1543 3383 1606 3474 qui
1631 3405 1796 3476 pereum

459 3498 599 3571 adhoc
625 3494 735 3565 fuerit
765 3492 962 3586 deputatur
987 3491 1122 3564 iurabit
1148 3491 1243 3584 quod
1274 3492 1470 3586 predictam
1500 3490 1796 3588 compositionem

458 3608 614 3682 fideliter
635 3602 709 3678 fine
727 3604 810 3676 dolo
836 3615 875 3676 et
891 3602 988 3676 malo
1014 3604 1161 3698 ingenio
1185 3617 1361 3696 quantum
1387 3605 1424 3674 in
1450 3627 1493 3675 eo
1516 3605 1586 3676 erit
1611 3603 1795 3680 seruabit-

460 3720 615 3794 Predisti
641 3741 726 3790 vcro
752 3716 865 3788 kildei
891 3714 1078 3788 dimidiam
1109 3725 1314 3787 carucatam
1343 3726 1439 3788 terre
1468 3711 1795 3811 Eglismouyclrcok

457 3835 604 3905 nomine
620 3852 727 3924 quam
745 3851 792 3899 ex
809 3827 1006 3900 donatione
1025 3824 1177 3899 Roberti
1195 3825 1290 3898 boue
1306 3829 1478 3900 memorie
1495 3823 1651 3923 episcopi
1669 3826 1793 3902 Sentii

457 3943 606 4017 Andree
622 3942 828 4014 babuerunt
840 3939 931 4012 adeo
949 3935 1062 4009 libere
1078 3939 1221 4034 integre
1238 3947 1277 4009 et
1292 3939 1416 4032 quiete
1433 3950 1472 4009 vt
1490 3940 1644 4011 eundem
1660 3964 1684 4014 a
1700 3951 1792 4014 tem·

455 4079 543 4151 pore
561 4051 718 4127 eiusdem
730 4048 884 4146 episcopi
901 4047 1012 4143 vsque
1029 4047 1074 4122 ad
1092 4049 1161 4124 bec
1178 4058 1342 4142 tempora
1358 4046 1586 4144 possederunt
1603 4053 1651 4123 de
1666 4064 1789 4127 cetero

455 4161 683 4263 possidebunt
704 4163 741 4236 in
769 4173 985 4258 perpetuum
1001 4200 1011 4219 ·
1029 4160 1217 4234 habebunt
1237 4165 1347 4235 etiam
1376 4179 1539 4256 quartam
1562 4173 1705 4258 partem
1728 4166 1791 4238 ob-

456 4279 668 4352 uentionum
690 4297 762 4368 que
785 4276 824 4346 in
846 4275 1029 4346 communi
1047 4272 1284 4346 conseruntur
1298 4274 1430 4348 kildeia
1452 4274 1592 4348 clericis
1608 4271 1734 4370 spersra
1751 4291 1791 4350 et

454 4390 563 4464 sardia
579 4387 625 4461 ab
640 4387 710 4481 hije
725 4387 789 4481 qui
806 4385 940 4459 ibidem
966 4385 1187 4481 sepulturam
1211 4385 1380 4483 eligerint
1403 4397 1443 4459 et
1466 4398 1607 4481 partem
1633 4409 1705 4482 que
1727 4409 1790 4460 eoa

453 4501 632 4596 contingit
648 4499 695 4572 de
710 4497 894 4572 communi
911 4493 1107 4571 elemosina
1121 4520 1193 4593 que
1209 4497 1342 4571 dicitur
1353 4497 1583 4571 saucbbarion
1596 4507 1636 4570 et
1647 4508 1788 4594 partem

452 4639 524 4712 que
539 4635 601 4686 eos
617 4611 798 4708 contingit
813 4609 861 4682 de
882 4609 1059 4684 beneficio
1084 4608 1179 4702 qnod
1205 4608 1338 4682 dicitur
1354 4612 1551 4683 thouneom
1567 4608 1788 4685 tbrtumund

498 4746 583 4801 vot.
600 4744 642 4798 11.
1099 4726 1122 4794 2
1139 4739 1163 4794 r.
