4590 5954
506 695 613 792 ιιι]
973 701 1382 777 annnnonuuss.
1806 711 1854 783 27

504 897 592 966 tudo
618 897 712 969 circa
735 894 890 972 hostiam
919 901 1164 975 consecratam
1190 911 1232 972 vt
1257 925 1330 972 non
1356 898 1517 970 sumatur
1542 920 1615 968 non
1641 895 1849 970 consecrata

502 1031 566 1102 pro
584 1005 789 1084 consecrata
805 1037 873 1087 nec
890 1013 1096 1088 consecrata
1113 1016 1247 1086 iterum
1265 1007 1516 1083 consecretur·
1535 1005 1698 1080 sacerdos
1723 1021 1847 1081 autem

502 1115 766 1196 ministraturus
787 1126 981 1222 diligenter
1005 1121 1207 1200 confideret
1225 1133 1265 1194 vt
1291 1117 1406 1192 hostia
1423 1122 1468 1191 dc
1486 1144 1575 1214 puro
1593 1121 1775 1192 frumento
1803 1117 1846 1192 srt

502 1243 541 1302 et
557 1233 699 1331 integra
713 1245 753 1310 et
768 1237 953 1333 integrum
970 1237 1105 1310 habeat
1121 1232 1298 1306 circulum
1316 1241 1355 1302 et
1373 1231 1468 1324 quod
1486 1235 1600 1303 maior
1615 1255 1697 1324 pars
1715 1232 1789 1302 vini
1807 1243 1846 1302 et

448 1342 453 1352 '
501 1346 643 1420 modica
658 1371 751 1444 aque
767 1373 840 1443 que
856 1352 975 1422 arino
993 1344 1172 1418 obserberi
1190 1338 1297 1438 poffit
1313 1353 1495 1437 ponantur
1510 1345 1547 1414 in
1566 1344 1700 1416 calice·
1716 1355 1846 1416 caueat

501 1481 548 1530 ne
568 1461 691 1532 vinum
716 1457 763 1533 sit
787 1471 932 1534 acetum
958 1456 1016 1529 vel
1042 1467 1279 1549 corruptum·
1300 1453 1397 1526 Item
1423 1457 1640 1548 precipimus
1666 1464 1706 1526 vt
1731 1453 1846 1528 sacer-

500 1571 603 1644 dotes
636 1572 796 1646 habeant
828 1591 1004 1645 canonem
1037 1569 1240 1640 corredum
1275 1576 1314 1639 et
1346 1566 1457 1639 verba
1490 1569 1637 1640 canonis
1671 1569 1709 1637 in
1744 1563 1844 1638 missa

500 1685 654 1758 rotunde
671 1685 840 1758 dicantur
855 1693 893 1754 et
910 1677 1076 1752 discinde
1094 1720 1103 1737 ·
1121 1701 1249 1751 omnes
1272 1678 1361 1752 bore
1379 1688 1418 1751 et
1435 1681 1556 1751 omnia
1581 1679 1697 1751 officia
1717 1691 1843 1772 aperte

499 1807 539 1867 et
555 1793 720 1868 distinde
736 1796 905 1866 dicantur
922 1793 975 1864 ita
991 1792 1087 1884 quod
1104 1793 1151 1862 de
1168 1787 1400 1864 festinatione
1417 1793 1529 1864 nimia
1547 1791 1657 1864 rerba
1673 1815 1747 1864 non
1765 1815 1845 1886 pre-

498 1908 665 1980 ciduntur
681 1929 750 1978 nec
766 1907 1004 1998 cincopentur
1020 1941 1029 1960 ·

832 2125 937 2200 LIX.
964 2126 1023 2200 De
1039 2128 1286 2201 celebratione
1303 2125 1483 2202 missamm
1501 2169 1509 2186 ·

497 2355 591 2427 Item
617 2355 655 2425 in
681 2352 925 2426 celebratione
955 2348 1055 2424 misse
1080 2349 1234 2424 hostiam
1264 2352 1507 2426 consecratam
1538 2377 1663 2448 pacem
1691 2355 1842 2426 daturus

494 2465 654 2540 sacerdos
679 2465 734 2537 ori
758 2461 822 2536 suo
852 2487 924 2535 non
953 2476 1111 2559 apponat
1141 2465 1227 2557 quia
1255 2476 1341 2538 ante
1370 2467 1639 2561 perceptionem
1670 2491 1751 2538 cam
1779 2491 1842 2539 ore

495 2588 643 2674 tangere
668 2598 740 2649 non
767 2575 904 2648 debet·
924 2573 963 2647 Si
983 2599 1068 2648 vcro
1084 2577 1132 2648 de
1149 2585 1283 2670 patena
1309 2573 1401 2648 sicut
1426 2578 1571 2670 quidam
1595 2577 1734 2650 iaciunt
1759 2601 1839 2650 eum

493 2689 611 2761 sumat
627 2684 706 2784 post
722 2687 1003 2762 celebrationem
1030 2685 1130 2758 misse
1149 2699 1225 2757 tam
1245 2698 1413 2780 patenam
1431 2711 1537 2780 quam
1564 2689 1712 2759 calicem
1732 2691 1840 2761 saciat

494 2825 588 2894 aqua
617 2801 786 2896 persundi
813 2799 871 2872 vel
901 2798 1015 2871 solum
1045 2800 1195 2872 calicem
1227 2796 1253 2871 sr
1281 2823 1362 2874 enm
1390 2800 1436 2872 de
1463 2813 1596 2894 pantena
1622 2824 1694 2871 non
1724 2801 1839 2874 summ

493 2912 696 3006 habeatque
712 2909 876 2986 sacerdos
893 2913 998 2984 iuxta
1015 2910 1130 2983 altaro
1157 2934 1317 3005 pannum
1344 2907 1612 2984 muudiffimuu
1631 2913 1702 2984 alio
1720 2936 1840 3007 piarum

492 3023 753 3096 circumdatum
771 3024 930 3117 undiquc
956 3021 1106 3096 honeste
1123 3047 1165 3096 ac
1184 3025 1358 3097 decenter
1381 3036 1591 3118 coopertum
1610 3027 1646 3096 in
1666 3049 1738 3118 quo
1763 3026 1840 3121 poll

493 3133 732 3229 sumptionem
750 3131 962 3208 sacramenti
981 3134 1146 3208 salutaris
1159 3137 1292 3232 digitos
1310 3159 1395 3209 cum
1415 3137 1517 3229 labijs
1536 3149 1655 3232 tergat
1671 3139 1838 3211 ablutos·

494 3245 710 3338 Habcatque
732 3244 997 3319 sacramentum
1022 3245 1128 3342 super
1153 3246 1190 3320 se
1215 3245 1405 3321 honesturn
1430 3249 1639 3342 operculum
1658 3291 1667 3308 ·
1686 3249 1837 3324 bostiam

492 3381 660 3430 veronen
675 3357 824 3430 cleuont
840 3367 1037 3452 antequam
1054 3357 1122 3431 isla
1139 3360 1250 3432 rerba
1267 3360 1499 3455 predicantur
1517 3381 1592 3434 noc
1611 3382 1676 3433 nsr
1693 3385 1839 3435 coneus

492 3491 603 3544 stetu
621 3511 630 3528 ·
651 3469 747 3542 ltcm
766 3467 792 3542 si
810 3468 972 3543 sacerdos
998 3467 1138 3543 necesse
1163 3472 1329 3544 babuerit
1351 3473 1460 3544 bisin
1479 3475 1538 3545 dio
1556 3474 1737 3546 celebrare
1756 3477 1838 3546 casu

491 3583 585 3676 quod
603 3579 667 3655 nisr
687 3585 724 3654 in
743 3583 802 3654 die
818 3582 1037 3655 Natiuitatis
1051 3583 1108 3654 rel
1128 3583 1403 3656 Relirrrexionia
1420 3585 1599 3657 dominice
1618 3586 1675 3657 vel
1693 3589 1837 3680 quanda

489 3695 633 3788 aliquod
663 3717 793 3788 corpus
826 3693 972 3788 presens
1001 3693 1055 3766 est
1088 3699 1126 3768 in
1158 3691 1307 3769 ecclesia
1341 3697 1595 3768 tumulandum
1627 3699 1684 3769 vel
1717 3700 1838 3793 aliqua

489 3807 637 3879 euidens
659 3829 791 3902 urgens
815 3801 1003 3879 necessitas
1029 3807 1105 3880 lieri
1133 3809 1366 3903 prohibemus
1393 3805 1473 3903 post
1501 3811 1651 3903 primam
1678 3812 1839 3884 celebra-

490 3921 625 3991 tionem
643 3929 683 3990 et
700 3921 859 4013 corporis
876 3928 915 3990 et
935 3915 1117 4014 sanguinis
1142 3921 1385 4014 sumptionem
1413 3921 1501 3992 nibil
1527 3924 1562 4016 in
1588 3923 1737 3996 calicem
1756 3927 1839 3997 sun-

490 4033 596 4104 datur
617 4031 712 4123 quod
731 4030 979 4103 acclebrante
1004 4029 1169 4104 sumatur
1193 4030 1253 4105 sed
1281 4042 1425 4104 tantum
1452 4029 1529 4126 post
1554 4033 1835 4109 celebrationem

490 4138 797 4236 subsequentem·
824 4139 910 4215 Post
935 4164 1021 4216 vero
1048 4141 1332 4217 celebrationem
1360 4142 1561 4240 diligenter.
1580 4147 1838 4224 absorbeantur

491 4251 585 4327 stille
601 4253 647 4326 de
663 4253 777 4328 calice
794 4265 834 4326 et
850 4256 946 4349 quod
973 4254 1085 4326 suerit
1111 4253 1330 4349 superfluum
1349 4257 1386 4328 in
1405 4257 1516 4330 calice
1534 4259 1656 4354 digitis
1677 4259 1840 4336 sumatur

490 4364 674 4458 abaliquo
699 4365 795 4438 bone
812 4363 1031 4439 conscientie
1049 4365 1107 4438 vel
1132 4365 1339 4440 reseruetur
1362 4367 1499 4440 inraso
1524 4371 1660 4442 mundo
1685 4373 1731 4444 ad
1760 4373 1837 4470 [id]

488 4476 690 4574 specialiter
715 4477 893 4572 deputato
910 4487 950 4552 et
966 4473 1046 4573 post
1062 4477 1344 4552 celebrationem
1372 4475 1526 4553 secunde
1552 4479 1651 4552 nrisl'c
1676 4479 1839 4559 sumatur

489 4589 736 4664 asacerdote·
