4546 5922
489 739 575 835 xa]
961 740 1367 818 uuonnouiiusn.
1756 749 1829 817 soa

484 939 582 1011 iandi
610 950 649 1013 et
675 941 735 1037 alij
760 943 917 1038 officiarij
949 967 1012 1038 pro
1037 943 1299 1038 gubernatione
1326 938 1520 1010 earundem
1550 935 1729 1032 neoeffarij
1754 975 1762 992 ·
1787 953 1827 1014 ct

483 1052 715 1128 concedimus
732 1057 827 1129 dieto
852 1057 1052 1128 reuerendo
1077 1055 1171 1146 patri
1188 1049 1328 1142 suisque
1349 1042 1600 1119 successoribus
1616 1047 1827 1123 Abbirdon·

482 1159 627 1238 ensibus
656 1165 830 1264 episcopis
859 1168 1057 1262 plenariam
1084 1158 1301 1256 potestatem
1331 1168 1371 1230 et
1398 1157 1605 1230 libertatem
1634 1164 1823 1232 annuatim

481 1279 683 1370 predictum
698 1275 920 1376 prepositum
937 1276 1091 1348 halliuos
1115 1270 1297 1342 feriandus
1314 1280 1353 1340 et
1377 1267 1466 1341 alios
1491 1271 1676 1341 officiarios
1702 1273 1824 1344 neces-

480 1386 588 1463 sarios
617 1391 775 1486 eligendi
801 1386 1041 1461 constituendi
1058 1395 1099 1455 et
1123 1382 1311 1454 ordinandi
1340 1404 1382 1454 ao
1407 1379 1498 1475 ipsos
1516 1383 1554 1453 in
1571 1397 1610 1452 et
1626 1383 1672 1454 ab
1695 1407 1822 1455 eorum

480 1503 605 1597 officijs
628 1505 796 1596 quotiens
821 1499 1018 1592 expediens
1041 1493 1224 1566 ridebitur
1248 1493 1454 1588 imponendi
1472 1505 1510 1565 et
1526 1495 1736 1598 remouendi
1754 1535 1762 1552 ·
1783 1507 1823 1567 et

479 1616 576 1708 quod
593 1615 753 1688 habeant
769 1619 921 1684 teneant
942 1617 982 1679 et
999 1601 1200 1700 possideant
1216 1628 1360 1678 cruceni
1383 1616 1423 1676 et
1439 1605 1556 1676 iorum
1581 1607 1617 1676 iri
1636 1607 1764 1678 eodem
1783 1619 1822 1678 et
1859 1619 1864 1630 '

478 1729 576 1800 diem
593 1715 661 1800 fori
678 1722 826 1820 siugulis
837 1719 1046 1792 ebdomadis
1064 1720 1101 1789 iii
1119 1718 1179 1790 die
1200 1718 1286 1790 lune
1298 1757 1307 1776 ·
1321 1728 1360 1790 et
1377 1719 1556 1790 nundinas
1572 1719 1735 1812 publicus
1752 1714 1822 1790 liii-

476 1839 573 1934 gulis
601 1838 707 1911 annis
729 1837 999 1929 imperpetuum
1024 1853 1131 1902 riiam
1159 1830 1330 1904 videlicet
1358 1833 1395 1902 in
1425 1831 1526 1904 Cena
1556 1829 1703 1902 Domini
1734 1841 1821 1904 ante

479 1949 616 2028 Pascha
645 1946 827 2042 wlgariter
863 1953 1073 2035 nuncupata
1106 1938 1409 2037 Skeyrthurisday
1430 1943 1537 2015 aliam
1569 1965 1653 2015 vero
1688 1947 1726 2015 iii
1760 1945 1820 2016 die

477 2061 717 2136 hostiliaco
744 2049 966 2149 euangelista
993 2065 1031 2125 et
1060 2077 1125 2148 per
1149 2054 1293 2127 ostuuas
1322 2056 1518 2127 eorundem
1544 2079 1626 2127 cuin
1652 2057 1820 2129 omnibus

475 2173 655 2248 theloneis
688 2165 918 2240 libertatibus
952 2176 991 2239 et
1024 2165 1222 2261 priuilegi'js
1254 2166 1299 2239 ad
1336 2164 1536 2239 huiusmodi
1566 2170 1745 2241 nundinas
1766 2181 1819 2241 ¹ct

476 2287 631 2358 libemm
666 2283 819 2375 burgum
854 2280 892 2349 iii
927 2280 1076 2350 baronia
1105 2289 1144 2350 et
1178 2279 1223 2350 ad
1250 2280 1438 2350 ciuitatem
1473 2288 1512 2350 et
1545 2275 1818 2354 uniuersitatem

475 2395 719 2491 spedtantibus
731 2388 792 2463 seu
807 2387 899 2461 iuste
912 2386 1070 2483 spcbtare
1084 2390 1289 2462 valentibus
1306 2389 1575 2481 quomodolibet
1592 2393 1794 2464 infuturum
1809 2431 1819 2450 ·

473 2533 516 2582 ac
534 2509 645 2580 etiam
658 2504 825 2575 dedimus
841 2513 881 2574 et
898 2495 1132 2573 concessimus
1149 2523 1192 2573 ac
1209 2497 1365 2594 presenti
1383 2511 1483 2573 carta
1498 2498 1618 2574 nostra
1635 2503 1763 2576 damus
1780 2515 1819 2576 et

474 2619 707 2694 concedimus
725 2614 886 2708 predisto
907 2613 1108 2684 reuerendo
1124 2613 1218 2706 patri
1236 2609 1377 2704 suisque
1395 2611 1646 2685 successoribus
1663 2638 1704 2687 ac
1722 2620 1820 2710 capi-

475 2731 554 2804 tulo
571 2729 753 2801 canonicis
770 2724 964 2820 capellanis
982 2734 1020 2795 ct
1037 2720 1227 2818 suppositis
1244 2719 1392 2796 ecclesie
1417 2724 1631 2796 cathedralis
1656 2728 1818 2801 ciuitatis

473 2856 513 2916 et
530 2837 774 2913 uniuersitatis
791 2838 953 2933 prediste
970 2859 1068 2908 nunc
1084 2832 1309 2930 presentibus
1326 2845 1365 2907 et
1380 2835 1512 2907 suturis
1529 2836 1728 2930 plenarium
1746 2844 1818 2934 pri-

474 2955 648 3049 uilegium
660 2951 869 3022 libertatem
880 2960 919 3022 et
930 2943 1145 3043 potestatem
1157 2933 1371 3040 quecunque
1383 2948 1548 3034 riQoalia
1560 2950 1643 3021 uina
1654 2963 1716 3022 aut
1727 2951 1816 3024 alias

474 3065 693 3139 mercantias
710 3062 805 3135 inira
820 3071 968 3157 portum
984 3054 1146 3131 nostrum
1165 3059 1211 3130 de
1227 3057 1440 3153 Abbirdeyn
1458 3059 1518 3131 seu
1537 3073 1642 3133 extra
1658 3065 1815 3136 eundem

474 3179 683 3273 deportatas
709 3198 734 3247 a
761 3171 1033 3267 quibuscunque
1063 3166 1193 3242 nostris
1222 3169 1334 3265 legeis
1361 3168 1423 3242 scu
1454 3175 1635 3244 extraneis
1662 3173 1815 3247 aliorum

473 3310 665 3386 regnorum
683 3286 772 3358 illuc
788 3284 1020 3358 venientibus
1045 3305 1110 3377 pro
1130 3303 1256 3353 eorum
1273 3285 1461 3375 oportunis
1478 3283 1695 3358 utilitatibus
1712 3297 1750 3358 et
1768 3289 1814 3360 nd

472 3400 629 3497 ipsorum
656 3408 696 3471 et
719 3395 863 3470 suoruoi
889 3394 1152 3468 domiciliorum
1178 3389 1456 3466 sustentationes
1478 3393 1645 3468 honestas
1669 3403 1813 3470 emendi

472 3525 511 3586 et
540 3513 636 3584 diota
665 3508 835 3582 naualia
859 3509 944 3581 rina
967 3506 1029 3578 seu
1054 3505 1275 3578 mercancias
1300 3505 1432 3576 iteruin
1458 3509 1607 3579 minimo
1635 3511 1813 3584 vendendi

471 3635 537 3699 aut
561 3622 714 3718 desuper
737 3620 972 3715 quouismodo
997 3616 1179 3691 mercandi
1205 3639 1270 3711 pro
1303 3628 1344 3688 rt
1377 3619 1598 3712 temporibus
1627 3627 1814 3696 retroactis

471 3735 732 3810 inuiolabiliter
747 3730 960 3806 obseruator
985 3769 994 3787 ·
1018 3727 1229 3802 Tenendum
1245 3738 1285 3800 et
1301 3727 1503 3800 habendam
1528 3731 1723 3824 predistum
1749 3737 1816 3807 vil-

473 3848 545 3921 lam
571 3849 617 3920 de
641 3845 718 3918 Ald
743 3844 958 3918 Abbirdone
983 3863 1067 3915 cum
1091 3840 1222 3912 bondis
1245 3852 1284 3912 et
1307 3841 1536 3935 pertinentijs
1562 3845 1599 3914 iii
1623 3845 1812 3920 ciuitatem
1949 3867 1951 3874 ·

471 3971 511 4034 et
537 3955 810 4030 vniueisitatcui
840 3981 883 4030 ac
918 3959 954 4027 iii
983 3975 1123 4026 merum
1154 3958 1194 4025 et
1228 3950 1380 4024 liberum
1414 3952 1566 4048 burgum
1597 3957 1634 4026 iii
1665 3955 1813 4030 baronia

471 4072 632 4167 preditto
667 4069 868 4141 reuerendo
902 4069 995 4162 patri
1025 4061 1167 4157 suisque
1197 4057 1449 4136 successoribus
1478 4066 1637 4159 capitolo
1666 4072 1814 4143 cunoni·

470 4184 523 4256 cis
551 4179 748 4276 capellanis
776 4191 816 4252 et
842 4176 1030 4273 suppositis
1065 4199 1109 4248 au
1142 4171 1345 4246 huiusmodi
1378 4175 1665 4251 inhabitantibus
1698 4191 1737 4252 ct
1773 4185 1810 4254 iii

470 4291 652 4390 posterum
678 4291 934 4365 inhabitaturis
963 4292 1230 4383 imperpetuum
1264 4309 1348 4360 cum
1372 4287 1579 4383 supradidtis
1614 4291 1812 4389 priuilegijs

469 4404 701 4480 libertatibus
730 4412 770 4477 et
799 4398 1082 4476 concessionibus
1106 4423 1149 4473 ac
1176 4395 1346 4472 uniuersis
1371 4400 1451 4494 alijs
1477 4401 1705 4475 libertatibus
1730 4428 1812 4500 pro·

469 4520 573 4592 licuis
597 4513 886 4590 commoditabus
915 4509 1121 4587 asiamemis
1144 4534 1187 4583 ac
1212 4506 1314 4584 iustis
1331 4507 1401 4585 suis
1421 4513 1650 4608 pertinentiis
1666 4517 1812 4608 quibus·

469 4651 614 4724 cunque
630 4637 708 4700 tani
726 4647 799 4699 iioii
815 4625 1010 4698 nominatis
1027 4648 1135 4719 quani
1153 4623 1349 4697 nominatis
1364 4624 1409 4698 ad
1427 4625 1613 4698 ciuitatem
1639 4629 1812 4704 uniuersi·

520 4761 605 4816 τοι
624 4760 666 4814 ii.
1117 4742 1139 4808 2
1157 4756 1185 4816 u
