4526 5954
499 705 571 776 264
1017 700 1327 776 REGISTRUM
1676 707 1836 803 [secum

499 903 634 976 fuerint
651 905 821 997 quamdiu
835 903 885 976 ibi
903 899 987 974 sunt
999 900 1182 974 interdici
1197 897 1377 978 sententie
1390 902 1629 999 appellatione
1642 901 1836 1000 postposite

499 1010 739 1110 supponatis·
768 1016 905 1090 Datum
935 1013 1107 1087 Laterani
1129 1034 1179 1084 xv
1204 1009 1391 1088 Kalendas
1417 1014 1575 1107 Januarij
1603 1015 1835 1108 pontificatus

499 1123 609 1200 nostri
626 1152 722 1201 anno
735 1139 863 1224 quarto
880 1165 889 1184 ·

497 1459 703 1537 commiffio
716 1467 909 1558 impetrato
920 1484 985 1554 per
994 1461 1182 1533 dominum
1194 1459 1403 1557 episcopum
1416 1462 1535 1536 Sacili
1547 1461 1698 1534 Andrce
1708 1475 1835 1535 contra

498 1573 724 1650 destruentes
739 1571 931 1668 hospitalia
953 1584 1018 1644 aut
1043 1572 1082 1643 in
1107 1571 1216 1645 aliam
1233 1584 1401 1647 naturam
1419 1584 1669 1649 conuertentes
1693 1583 1734 1646 et
1758 1571 1836 1668 spe-

498 1689 638 1761 cialiter
663 1688 710 1760 ad
733 1685 1002 1758 reformandum
1027 1681 1206 1778 hospitale
1230 1681 1307 1758 fiue
1323 1685 1460 1781 Kildey
1474 1687 1518 1760 de
1534 1682 1779 1781 Monymulke
1795 1697 1835 1760 et

498 1794 676 1894 processus
691 1795 797 1892 super
813 1798 941 1870 eodem
958 1832 967 1852 ·

498 2003 630 2099 Adam
649 2022 694 2094 de
712 2019 851 2094 Meiros
877 2018 1090 2092 Willelmns
1106 2019 1153 2092 dc
1175 2018 1367 2116 Dryburclr
1391 2019 1573 2117 [abbates]
1593 2032 1633 2094 et
1649 1999 1850 2098 Robertns⁴

497 2136 767 2212 archidiaconus
785 2127 1014 2228 Glasgucnfis
1031 2131 1201 2203 omnibus
1217 2131 1282 2204 has
1299 2131 1424 2206 literas
1441 2130 1562 2204 visuris
1579 2130 1639 2204 vel
1655 2134 1833 2209 audituris

497 2261 660 2324 eternam
673 2247 713 2318 in
723 2244 881 2316 Domino
892 2243 1043 2316 salutem
1062 2282 1071 2302 ·
1092 2242 1234 2316 Literas
1244 2244 1382 2316 domini
1395 2243 1491 2340 Papo
1506 2241 1716 2339 Innooencij
1729 2250 1832 2342 tercij

497 2367 534 2435 in
551 2362 619 2433 hec
635 2359 747 2432 verba
762 2355 981 2453 suscepimus
999 2395 1009 2414 ·
1027 2354 1270 2429 Innoccncius
1295 2353 1479 2452 episcopua
1499 2354 1623 2430 seruus
1647 2355 1831 2432 seruorum

496 2474 568 2547 Dei
602 2471 744 2547 diletlis
772 2470 856 2564 liiijs
885 2471 931 2542 de
965 2467 1108 2542 Melros
1141 2478 1182 2542 et
1211 2469 1259 2542 de
1287 2467 1469 2542 Driburclt
1499 2467 1692 2542 abbatibus
1720 2467 1831 2544 sanci

496 2586 645 2659 Andree
657 2593 696 2657 et
708 2576 938 2678 Glasgueniis
951 2578 1134 2654 dioceseos
1147 2591 1187 2654 ot
1199 2580 1453 2654 archidiacono
1461 2577 1668 2676 Glusgnenfi
1685 2579 1833 2658 ·Vene·

495 2698 618 2771 rabilis
627 2697 749 2768 fratris
765 2691 877 2768 nostri
887 2691 998 2766 sandi
1009 2692 1160 2766 Andrce
1170 2689 1327 2788 episcopi
1342 2689 1555 2786 suscepimus
1567 2694 1830 2787 querimoniam

495 2811 590 2907 quod
624 2805 739 2914 irildei
775 2805 938 2900 qnidam.
956 2806 1019 2899 qni
1053 2802 1091 2879 se
1124 2804 1317 2878 canonicos
1351 2811 1482 2898 gerunt
1511 2810 1552 2874 et
1584 2802 1732 2897 quidam
1770 2803 1830 2899 slij

494 2914 763 2995 Aberdoneusrs
787 2913 967 2990 dioceseos
991 2917 1086 2989 infru
1113 2915 1237 2988 villam
1262 2916 1309 2988 de
1335 2909 1563 2986 Monimnske
1585 2916 1830 3008 pertinentem

494 3030 673 3126 adipsum
698 3027 879 3123 quandam
902 3029 1093 3100 canoniam
1118 3025 1321 3122 regmlnrem
1348 3025 1473 3098 eodem
1496 3027 1680 3100 renitente
1705 3039 1831 3102 contra

488 3142 667 3242 justitiam
684 3135 889 3214 eonstnrere
905 3161 979 3211 non
1010 3139 1207 3212 formidant
1224 3139 1262 3210 in
1279 3134 1430 3212 ecclesie
1452 3135 1511 3210 sne
1534 3139 1773 3232 preiudicinm
1792 3153 1830 3214 et

493 3276 689 3356 prenomen
706 3293 715 3310 ·
743 3249 922 3338 Quocirca
937 3247 1144 3325 discretioni
1161 3247 1279 3324 vestre
1295 3273 1361 3345 per
1377 3245 1566 3344 apostolica
1582 3246 1713 3346 scripta
1729 3275 1831 3326 man·

493 3373 620 3444 damus
636 3374 816 3459 quatenus
832 3362 996 3458 partibus
1012 3364 1222 3438 conuocatis
1238 3375 1278 3434 et
1294 3362 1429 3434 auditis
1444 3361 1525 3434 lrinc
1540 3360 1627 3434 inde
1640 3359 1830 3460 propositis

493 3479 590 3577 quod
616 3477 831 3551 canonicum
849 3475 959 3548 suerit
976 3474 1223 3571 appellatione
1248 3469 1446 3570 postposita
1463 3469 1628 3547 statuetis
1653 3475 1829 3552 iacientes

493 3592 589 3689 quod
618 3585 816 3660 statueritis
841 3584 1119 3682 percensuram
1144 3582 1422 3662 ecclesiasticam
1450 3585 1599 3658 firmiter
1623 3583 1830 3662 obseruari·

493 3699 602 3778 testes
626 3722 712 3772 vcro
736 3699 798 3793 qui
824 3699 1125 3774 suerintvocnndi
1151 3695 1178 3772 sr
1204 3695 1242 3772 se
1266 3699 1389 3795 gracia
1412 3697 1490 3770 odio
1514 3698 1573 3772 uel
1594 3699 1725 3774 timore
1747 3700 1830 3776 snb-

491 3813 670 3890 traxerint
692 3833 758 3905 per
786 3806 1047 3884 distritlionem
1077 3812 1230 3886 eandem
1256 3809 1496 3908 appellatione
1520 3821 1662 3885 remota
1689 3819 1828 3912 cogatis

492 3925 638 4000 veritati
667 3919 915 3995 testimonium
949 3923 1140 4018 perhibere
1173 3922 1285 3997 nullis
1313 3921 1430 3997 literis
1455 3925 1599 3998 veritati
1623 3935 1664 3998 et
1688 3923 1827 4002 iusticie

490 4033 798 4136 preiudicantibus
816 4056 841 4106 a
863 4030 946 4108 sede
966 4031 1162 4132 apostolica
1183 4035 1388 4132 impetratis
1404 4073 1415 4092 ·
1431 4035 1522 4129 qnod
1546 4031 1573 4108 st
1601 4057 1675 4110 non
1700 4062 1827 4114 omncs

489 4153 558 4246 hijs
583 4146 806 4242 exequendis
829 4148 1023 4242 potueritis
1049 4144 1216 4224 interesse
1240 4147 1314 4220 dno
1344 4143 1496 4219 vestrum
1520 4169 1565 4220 ea
1590 4147 1826 4226 nihilominus

489 4270 751 4356 exequantur·
782 4241 922 4332 D'stum
956 4255 1130 4334 Isauram
1163 4259 1306 4334 decimo
1342 4254 1524 4332 Kelendru
1552 4257 1693 4353 Aprilis
1729 4287 1825 4338 anno

487 4373 720 4473 pontificatus
760 4363 871 4442 nostri
905 4389 996 4444 ¹111.
1038 4369 1181 4448 Harum
1222 4370 1439 4444 auctoritate
1471 4371 1631 4466 pertibus
1672 4373 1711 4446 in
1744 4399 1826 4472 pre-

488 4486 607 4562 sencia
639 4477 760 4556 nostra
794 4477 1001 4558 constitutis
1034 4485 1089 4557 ita
1120 4486 1219 4560 inter
1254 4482 1442 4556 dominum
1471 4481 1701 4559 willelmum
1734 4487 1826 4584 epis·

485 4619 616 4696 capum
634 4593 759 4670 sanci
776 4591 927 4669 Andree
952 4603 992 4670 et
1016 4594 1159 4672 kildeos
1185 4596 1231 4670 de
1257 4591 1487 4670 Monimulke
1509 4591 1684 4670 consensu
1709 4601 1825 4676 urchi.
