4612 5964
503 732 605 828 xrv.]
977 734 1386 811 ABERDONENSE.

1004 1371 1349 1470 STATUTA.

497 1713 617 1810 Super
632 1714 859 1809 quorundam
877 1709 1084 1785 excelsuum
1095 1713 1361 1786 'reformatione
1378 1753 1386 1768 ·

498 1909 552 2011 In
569 1936 643 2009 Dei
659 1936 806 2007 nomine
823 1934 946 2005 Amen
965 1977 973 1993 ·
993 1933 1065 2006 Per
1087 1935 1158 2007 hoc
1183 1931 1329 2028 presens
1354 1933 1541 2027 publicum
1567 1929 1850 2005 instrumentum

495 2049 634 2124 cuneis
650 2055 776 2142 pateat
792 2046 984 2117 euidenter
1000 2048 1097 2138 quod
1115 2070 1212 2118 anno
1230 2047 1276 2118 ab
1294 2046 1542 2118 incarnatione
1559 2042 1710 2114 Domini
1732 2044 1852 2116 mille-

495 2157 584 2232 simo
601 2152 853 2231 trecentesimo
871 2153 1092 2253 sexagesimo
1108 2155 1213 2230 sexto
1226 2158 1286 2230 die
1304 2157 1484 2228 dominico
1502 2157 1643 2227 decimo
1661 2158 1772 2228 tertio
1790 2158 1851 2230 die

495 2267 626 2344 mensis
649 2268 752 2363 Junij
778 2268 975 2340 indistione
999 2281 1129 2362 quarta
1154 2271 1388 2364 pontificatus
1411 2263 1612 2340 sandaiflimi
1640 2270 1678 2340 in
1705 2265 1850 2340 Christo

493 2385 605 2478 patris
634 2390 673 2454 et
699 2381 836 2452 domiui
867 2376 976 2451 nostri
1004 2380 1143 2453 domini
1167 2379 1310 2453 Vrbani
1337 2381 1462 2452 diuina
1490 2381 1724 2473 prouidencia
1748 2380 1850 2475 Papo

493 2494 610 2588 quinti
634 2515 731 2565 anno
748 2501 877 2584 quarto
895 2533 904 2550 ·
923 2491 967 2562 In
994 2493 1068 2563 moi
1095 2493 1228 2584 notarij
1255 2493 1392 2586 publici
1411 2502 1450 2563 ct
1467 2489 1615 2562 testium
1633 2489 1850 2586 subscripto-

492 2629 572 2678 rum
598 2601 783 2699 presencia
808 2599 1014 2674 constitutis
1039 2601 1308 2673 venerabilibus
1333 2612 1373 2673 et
1399 2598 1560 2672 discretis
1579 2603 1665 2672 viris
1691 2603 1849 2674 dominis

493 2716 643 2789 Decano
669 2713 894 2786 cancellario
920 2709 1156 2784 Thesaurorio
1174 2711 1442 2784 Archidiacono
1470 2721 1509 2782 et
1535 2711 1753 2784 Subdecano
1777 2735 1849 2784 rna

491 2849 574 2900 cum
593 2821 827 2917 infrascriptis
845 2823 1028 2894 canonicis
1045 2820 1274 2917 presentibus
1290 2820 1525 2916 personaliter
1541 2834 1581 2893 et
1597 2823 1850 2916 capitulariter

491 2936 718 3032 congregatis
743 2932 944 3026 ceterisque
970 2936 1155 3006 canonicis
1181 2929 1332 3006 ecclesie
1350 2929 1620 3004 Abcrdonensrs
1639 2937 1778 3006 rocatis
1800 2937 1846 3008 ad

491 3051 560 3120 boc
584 3045 701 3139 sepius
724 3055 763 3117 et
788 3045 951 3139 legitime
979 3055 1087 3138 prout
1112 3046 1224 3116 moris
1250 3041 1304 3116 est
1331 3045 1479 3116 monitis
1504 3055 1543 3116 ct
1568 3046 1691 3116 citatis
1721 3047 1848 3118 babito

490 3157 596 3254 super
620 3157 689 3230 hoc
713 3156 894 3248 frequenti
912 3165 949 3227 et
968 3155 1137 3250 diligenti
1164 3156 1321 3228 tractatu
1349 3165 1388 3227 et
1414 3155 1676 3228 deliberatione
1702 3167 1848 3229 matura

490 3275 527 3342 in
545 3267 705 3363 capitulo
723 3262 874 3340 ecclesie
892 3261 1163 3338 Aberdonensrs
1181 3284 1382 3338 memorate
1400 3264 1547 3360 pcusata
1567 3263 1677 3360 ipsius
1694 3265 1846 3340 ecclesie

490 3381 650 3454 vtilitate
679 3389 717 3450 et
748 3377 974 3470 quorundam
1005 3374 1214 3449 excessuum
1249 3378 1506 3448 reformatione
1535 3379 1573 3448 in
1603 3379 1752 3449 modum
1782 3383 1844 3471 qui

435 3579 441 3590 ι
489 3492 650 3587 sequitur
665 3489 924 3562 concordatum
942 3484 1052 3559 estet
1069 3489 1182 3559 etiam
1200 3488 1409 3559 ordinatum
1426 3527 1435 3543 ·

491 3603 674 3697 Imprimis
689 3599 859 3672 videlicet
872 3599 967 3692 quod
982 3621 1110 3670 omnes
1123 3600 1287 3672 canonici
1301 3596 1452 3672 ecclesio
1466 3612 1666 3671 memorate
1680 3602 1842 3674 debitam

490 3711 723 3787 residenciam
741 3713 845 3782 iuxta
859 3707 995 3782 statuta
1013 3733 1086 3780 non
1104 3710 1281 3782 facientes
1297 3709 1488 3804 septimam
1506 3722 1646 3803 partem
1664 3713 1844 3804 prebend-

488 3848 590 3898 arum
604 3821 748 3896 suarum
766 3824 863 3894 inter
874 3825 1067 3893 canonicos
1084 3816 1284 3893 residentes
1300 3820 1619 3915 proportionaliter
1635 3823 1673 3894 in
1692 3825 1842 3897 modum

488 3959 682 4010 commune
699 3933 931 4006 diuidendum
955 3928 1031 4004 fine
1057 3927 1262 4005 remissione
1282 3928 1421 4004 soluere
1447 3943 1643 4004 teneantur
1660 3975 1668 3992 ·
1688 3947 1726 4005 et
1744 3939 1842 4029 quod

488 4051 584 4122 diuo
600 4046 753 4140 septima
768 4040 965 4118 secundum
989 4045 1216 4116 taxationem
1234 4043 1293 4116 rel
1312 4066 1437 4115 rerum
1456 4042 1613 4116 valorem
1632 4047 1669 4116 in
1688 4048 1843 4140 opcione

487 4159 662 4232 soluentis
687 4155 845 4229 fideliter
869 4153 1097 4250 persoluatur
1114 4195 1124 4214 ·
1141 4165 1182 4226 et
1207 4155 1304 4247 quod
1330 4154 1416 4227 dicti
1442 4157 1604 4226 canonici
1631 4155 1731 4228 suam
1758 4156 1844 4230 resi·

487 4273 653 4345 denciam
680 4267 799 4341 iacere
829 4268 1005 4362 incipiant
1031 4267 1078 4339 ad
1104 4262 1237 4337 festam
1267 4263 1379 4338 unci
1411 4264 1604 4338 Michaelis
1632 4267 1842 4364 archangeli

486 4383 651 4478 proximo
681 4380 844 4451 futurum
872 4390 911 4451 et
938 4379 1034 4470 quod
1062 4376 1217 4450 eandem
1247 4375 1439 4469 perficiant
1464 4377 1555 4448 citra
1579 4375 1677 4448 idem
1707 4375 1842 4452 festum

486 4516 582 4568 anno
597 4488 767 4564 reuoluto
784 4527 793 4544 ·

486 4605 584 4681 Item
613 4601 712 4698 quod
741 4598 897 4695 quilibet
927 4600 1126 4673 canonicus
1159 4595 1293 4672 habeat
1322 4619 1389 4694 pro
1418 4598 1481 4670 suo
1512 4599 1645 4672 vicario
1674 4600 1840 4676 habitum

535 4736 619 4791 VOL
639 4733 680 4786 is.
1146 4729 1173 4782 Η
