4526 5954
500 653 570 718 982
1015 647 1323 723 REGISTRUM
1683 651 1835 746 [sucum

500 840 606 918 mallo
617 845 744 921 Ionetc
761 847 970 942 cherolay
983 846 1106 920 relicte
1119 844 1299 935 quondam
1314 843 1451 914 domini
1460 841 1635 916 lobannis
1645 847 1691 919 dc
1705 845 1836 942 Mony-

500 981 602 1030 mous
619 961 744 1033 militis
761 970 876 1034 totam
893 970 1027 1032 terram
1045 975 1164 1027 meam
1182 953 1228 1024 ds
1253 950 1395 1025 Meiros
1412 975 1491 1025 cum
1515 954 1749 1050 pertinencijs
1766 981 1836 1030 vna

498 1095 580 1144 cum
598 1073 804 1145 molendino
821 1069 982 1144 eiusdem
999 1068 1094 1140 infra
1119 1066 1414 1136 vicecomitatum
1433 1065 1478 1137 de
1492 1063 1592 1138 Banf
1612 1087 1676 1158 pro
1693 1069 1771 1139 iove
1796 1081 1832 1138 et

498 1185 635 1258 clamco
651 1207 722 1277 quc
737 1183 865 1256 babuit
882 1181 993 1253 babet
1010 1176 1068 1248 vel
1079 1175 1212 1247 habere
1223 1177 1358 1268 poterit
1376 1179 1415 1248 in
1432 1177 1591 1248 futurum
1610 1175 1655 1248 dc
1667 1179 1835 1249 omuibus

498 1298 690 1389 terrisque
713 1316 779 1388 per
801 1292 1007 1365 Jobanncm
1033 1287 1080 1358 do
1104 1284 1259 1381 Beroiay
1284 1300 1427 1381 patrem
1450 1284 1557 1382 ipfius
1582 1287 1726 1360 fuerant
1750 1311 1819 1360 oon

497 1403 620 1502 questo
635 1443 644 1462 ·
660 1403 868 1476 Tenendum
885 1409 925 1472 et
939 1398 1144 1470 habandam
1162 1397 1258 1470 diae
1275 1398 1407 1474 Ionotc
1424 1399 1580 1473 Mariote
1592 1413 1631 1472 et
1643 1397 1832 1472 Elimbetb

344 1505 347 1512 ¹
498 1519 638 1590 filiabus
653 1513 834 1608 quondam
847 1509 933 1581 disi
946 1509 1084 1579 domini
1096 1507 1275 1582 Jobunnis
1286 1512 1332 1586 dc
1347 1510 1555 1585 Monimous
1568 1521 1607 1584 st
1623 1532 1748 1584 corum
1759 1511 1834 1582 cui·

497 1630 587 1703 libet
603 1627 741 1699 diucius
754 1622 892 1692 viucnti
909 1641 977 1690 nec
995 1641 1068 1690 nou
1086 1619 1278 1694 heredibus
1295 1623 1342 1695 do
1358 1647 1480 1696 earnm
1503 1624 1710 1719 corporibus
1727 1621 1833 1716 legit-

498 1745 586 1812 timo
602 1731 850 1832 procreandis·
865 1731 995 1824 quibus
1012 1731 1107 1802 forte
1125 1732 1378 1806 deficientibus
1391 1736 1579 1809 herodibus
1591 1736 1687 1807 diae
1703 1732 1832 1806 Ionetc

496 1854 542 1924 de
558 1869 705 1942 corpore
715 1843 777 1916 suo
791 1843 953 1937 legitimo
970 1845 1219 1936 procreandis·
1234 1847 1368 1937 quibus
1382 1868 1465 1917 vem
1476 1845 1726 1919 deficientibus
1738 1846 1833 1917 veris

495 1971 534 2034 st
550 1958 721 2054 legitimis
745 1953 936 2027 heredibus
962 1953 1048 2025 dicti
1066 1953 1215 2028 Andros
1241 1954 1512 2050 quibuscunque
1527 1960 1566 2030 in
1583 1958 1688 2030 feodo
1712 1966 1753 2027 st
1768 1956 1831 2027 be·

495 2073 647 2144 reditate
664 2091 728 2161 per
743 2087 870 2138 omnes
886 2064 1000 2136 rubas
1023 2075 1139 2138 metas
1156 2076 1196 2138 et
1212 2065 1346 2138 diuisas
1363 2064 1443 2140 suas
1466 2069 1501 2140 in
1528 2066 1642 2140 boscis
1659 2077 1698 2138 et
1716 2066 1831 2160 planis

494 2185 603 2256 moris
630 2175 804 2272 marresijs
830 2178 897 2271 vijs
919 2179 1022 2270 cquis
1047 2173 1181 2272 stagnis
1206 2177 1424 2252 molendinis
1446 2179 1612 2252 multaris
1639 2189 1678 2251 ct
1704 2199 1828 2250 eorum

493 2294 645 2388 sequelis
666 2289 967 2385 aucupationibus
984 2289 1237 2362 venationibus
1254 2300 1295 2362 et
1311 2288 1469 2385 piscarijs
1485 2303 1559 2364 tam
1577 2314 1650 2364 non
1667 2290 1829 2363 nomina·

494 2411 541 2480 tis
557 2427 664 2500 quam
681 2403 876 2475 nominatis
888 2401 935 2474 ad
947 2401 1080 2474 dilium
1092 2411 1226 2473 terram
1243 2425 1327 2474 cum
1346 2402 1552 2476 molendino
1568 2402 1729 2499 predicto
1744 2422 1826 2472 cum

493 2515 721 2614 pertinentiis
732 2511 978 2608 spoliantibus
990 2510 1053 2586 son
1063 2534 1209 2606 quoquo
1221 2514 1332 2586 modo
1343 2509 1439 2588 iuste
1451 2512 1606 2610 spcRsve
1623 2513 1828 2590 valentibus

492 2633 530 2703 in
546 2631 710 2702 futurum
726 2626 839 2698 libere
856 2627 980 2718 quieto
995 2623 1157 2719 plenarie
1175 2625 1373 2698 honorifice
1389 2625 1481 2698 bens
1496 2637 1535 2698 et
1551 2627 1588 2698 in
1600 2648 1711 2720 pacs-
1730 2622 1828 2696 Red-

491 2742 611 2816 dendo
625 2740 711 2814 indo
727 2737 874 2810 mihist
888 2736 1083 2810 heredibus
1107 2737 1201 2808 mois
1225 2739 1416 2810 muatim
1441 2759 1550 2810 vnum
1566 2737 1755 2810 denarium
1770 2757 1826 2807 ar·

490 2853 591 2950 genti
610 2851 757 2923 nominc
772 2848 855 2921 albe
871 2847 974 2920 firme
992 2847 1088 2941 apud
1105 2845 1216 2918 Doun
1234 2848 1278 2919 ad
1296 2844 1430 2920 festum
1441 2844 1664 2942 pentecostes
1679 2859 1823 2920 tantum

491 2962 517 3038 ii
534 2973 699 3059 potatur·
718 2959 797 3056 Ego
814 2981 900 3031 voro
916 2967 957 3030 ct
980 2959 1133 3031 heredes
1149 2960 1221 3030 mei
1242 2969 1282 3030 ct
1298 2953 1462 3053 allignati
1474 2958 1674 3056 obligamus
1690 2969 1822 3031 terram

490 3072 645 3148 nostram
663 3075 708 3146 ds
725 3069 908 3164 Gamtuly
924 3069 1124 3163 prediolam
1143 3070 1188 3141 ad
1205 3068 1467 3143 obseruandum
1486 3083 1524 3144 et
1549 3069 1823 3144 custodiendum

489 3189 662 3283 prefatam
679 3197 811 3258 terram
830 3183 876 3255 dc
900 3181 1040 3254 Meiros
1058 3203 1128 3254 vna
1144 3204 1227 3254 cum
1245 3180 1455 3254 molendino
1469 3181 1626 3256 eiusdem
1642 3204 1726 3256 cum
1744 3203 1824 3276 per·

489 3295 652 3394 tincntijs
668 3297 836 3392 prodibis
853 3297 1053 3366 immunem
1079 3305 1118 3366 et
1136 3294 1284 3366 liberam
1302 3293 1350 3367 ab
1375 3295 1559 3367 exuitione
1582 3304 1622 3368 et
1645 3293 1822 3367 solutione

488 3413 597 3485 annui
615 3411 776 3483 redditus
793 3408 918 3479 decem
936 3405 1109 3477 librarum
1128 3403 1379 3503 sterlingorum
1398 3418 1438 3479 st
1451 3419 1605 3500 quatuor
1619 3405 1820 3480 oeldrarum

488 3523 658 3596 frumenti
676 3522 877 3594 debitarum
896 3518 1044 3589 domino
1061 3513 1181 3590 nostro
1198 3521 1273 3614 regi
1291 3559 1301 3578 ·
1328 3516 1374 3590 In
1391 3519 1490 3591 cuim
1505 3519 1557 3590 rei
1574 3513 1819 3590 testimonium

486 3635 639 3731 presenti
657 3641 757 3706 carte
780 3653 902 3702 meum
920 3626 1067 3724 apposui
1079 3625 1234 3725 tigillum
1252 3671 1262 3690 ·
1280 3625 1434 3702 testibus
1442 3629 1552 3703 nobili
1573 3631 1649 3704 viro
1674 3631 1819 3704 domino

488 3747 698 3821 Alexandro
716 3741 840 3815 Fraser
863 3740 981 3814 milite
1006 3741 1221 3816 vicecomite
1238 3745 1284 3816 do
1300 3739 1474 3814 Aberden
1489 3782 1499 3800 ·
1516 3739 1685 3839 magistro
1710 3741 1820 3839 Regi·

486 3859 593 3932 naldo
611 3858 656 3930 de
673 3850 823 3950 Opillon
841 3853 978 3926 redona
995 3850 1145 3926 ecclelia
1162 3855 1208 3926 dc
1234 3853 1391 3926 Fortes·
1410 3849 1597 3928 Willclmo
1609 3853 1818 3950 doBerclay

489 3973 534 4044 de
543 3968 647 4063 'lolly
658 3967 802 4040 domino
815 3965 861 4037 de
872 3963 1028 4038 Kercow
1042 4005 1051 4024 ·
1070 3965 1208 4039 Thomu
1219 3963 1346 4040 Frater
1357 3965 1499 4038 domino
1515 3967 1562 4039 de
1576 3965 1764 4041 Gorntoun
1778 3979 1818 4040 et

483 4081 609 4157 moltis
627 4079 731 4174 alijs·
