4590 5954
452 715 497 780 aa
967 703 1275 778 REGISTRUM
1647 711 1801 807 [ancum

452 907 607 1004 aliquem
634 908 736 980 nobis
766 909 843 979 iure
871 903 1067 1000 dyocesano
1094 902 1279 976 subditum
1305 901 1527 978 sentenciam
1553 911 1801 981 excommuni-

451 1023 602 1094 cationis
628 1022 674 1094 ob
699 1021 855 1113 aliquam
881 1017 1023 1092 cansam
1048 1015 1303 1090 rationabilem
1329 1025 1369 1087 et
1397 1015 1616 1110 legittimam
1641 1020 1801 1114 promul·

452 1136 592 1228 gauerit
614 1147 653 1205 et
678 1133 830 1206 eandem
854 1131 962 1204 alicui
989 1129 1151 1204 nostrum
1178 1127 1456 1201 demandauerit
1481 1129 1735 1221 publicandam
1762 1142 1801 1204 et

454 1245 737 1317 demandandum
751 1243 904 1337 quilibet
922 1240 1082 1315 nostrum
1099 1265 1181 1315 eam
1197 1263 1264 1336 per
1277 1238 1377 1313 suam
1391 1235 1570 1331 dyocesim
1583 1242 1693 1315 saciat
1711 1244 1801 1338 pub-

454 1355 553 1429 licari
570 1365 609 1429 et
625 1353 739 1450 ipsum
758 1355 1029 1448 delinquentem
1055 1355 1255 1427 denunciat
1280 1353 1638 1426 excommunicatum
1656 1365 1695 1426 et
1711 1379 1800 1426 eun·

454 1469 536 1540 dem
561 1463 820 1563 perseipsum
845 1478 1018 1561 tanquam
1044 1467 1404 1538 excommunicatum
1430 1464 1548 1535 enitet
1565 1472 1604 1535 et
1620 1477 1799 1556 qnatenus

455 1581 491 1650 in
509 1603 552 1652 eo
570 1577 622 1652 est
639 1581 685 1652 ab
701 1579 780 1672 alijs
806 1579 914 1651 saciat
939 1581 1067 1651 euitari
1084 1615 1093 1634 ·
1111 1589 1149 1650 et
1167 1574 1194 1648 sr
1212 1577 1297 1650 talia
1322 1577 1658 1649 exeommunicatus
1681 1577 1720 1646 in
1737 1577 1800 1648 sua

454 1693 650 1784 pertinacia
684 1713 749 1784 per
780 1691 1016 1786 quadraginta
1049 1689 1126 1762 dica
1164 1686 1288 1763 elauea
1322 1684 1473 1760 ecclesie
1506 1688 1799 1782 contempnendo

455 1805 574 1876 animo
599 1799 879 1897 perseuerauerit
904 1803 1070 1874 indurato
1091 1813 1130 1872 et
1153 1801 1250 1872 idem
1277 1801 1613 1874 excommunicator
1637 1823 1683 1871 ex
1709 1810 1799 1871 tune

455 1929 568 1988 terrea
593 1910 700 2009 ipsius
725 1913 1026 1984 exeommunicati
1053 1914 1090 1982 in
1117 1909 1259 2004 dyocesi
1285 1910 1351 1984 sua
1373 1909 1458 1984 sitas
1474 1925 1514 1984 et
1536 1911 1615 1984 loca
1640 1935 1798 2006 perque

456 2021 634 2098 transierit
663 2032 702 2094 et
732 2045 795 2116 per
823 2022 983 2092 triduum
1011 2033 1050 2092 et
1079 2020 1236 2114 amplius
1266 2024 1303 2094 io
1335 2021 1468 2095 eisdem
1500 2025 1627 2096 lecerit
1660 2047 1796 2096 moram

455 2131 690 2208 ecclesiastico
724 2131 945 2226 supposuerit
983 2131 1173 2202 interditto
1208 2143 1248 2202 et
1283 2133 1379 2204 idem
1418 2135 1652 2207 interdistum
1690 2135 1797 2208 alicui

456 2243 653 2316 nostrorum
685 2241 955 2314 demandauerit
985 2240 1243 2334 publicandum
1272 2283 1281 2300 ·
1311 2243 1466 2334 quilibet
1494 2242 1654 2318 nostrum
1685 2261 1799 2320 terras

454 2355 611 2428 eiusdem
640 2355 943 2426 exeommunicati
974 2355 1010 2423 in
1038 2350 1167 2425 diocesi
1199 2351 1262 2424 sua
1290 2350 1375 2424 sitas
1405 2352 1580 2448 supponat
1607 2360 1798 2430 interdilto

454 2466 635 2562 quousque
659 2491 722 2562 per
738 2466 891 2537 eundem
918 2467 1309 2538 excommunicatorem
1336 2465 1431 2538 diae
1456 2463 1639 2540 sentencie
1663 2470 1798 2541 suerint

454 2579 636 2653 relaxate·
650 2579 825 2650 locavero
842 2599 988 2672 perque
1006 2573 1187 2650 transierit
1202 2587 1241 2648 et
1255 2577 1429 2669 quamdiu
1448 2579 1496 2649 ibi
1516 2601 1652 2650 moram
1670 2581 1797 2652 lecerit

455 2693 616 2764 similiter
632 2685 894 2764 execlcsiallico
912 2687 1086 2784 supponat
1105 2688 1300 2761 interdicto
1317 2729 1327 2745 ·
1344 2687 1400 2760 Vt
1416 2699 1539 2762 tamen
1557 2693 1656 2786 regie
1673 2692 1798 2766 maies-

454 2807 522 2878 tati
539 2803 684 2876 debitua
710 2803 823 2874 bonor
839 2801 1024 2873 disseratur
1040 2797 1067 2872 st
1086 2803 1182 2874 idem
1207 2803 1548 2874 excommunicatus
1565 2805 1602 2874 in
1619 2807 1796 2878 comitatu

418 2993 422 3006 ,
453 2917 589 2989 domini
609 2913 721 3009 Regia
742 2911 799 2985 vel
826 2911 966 3008 Regiae
992 2912 1166 2985 consortia
1192 2911 1255 2984 suc
1279 2914 1483 2986 eommunia
1508 2919 1797 3012 congregationis

454 3025 561 3121 ipsius
588 3028 687 3122 regni
710 3035 918 3119 magnatum
945 3027 1110 3096 extiterit
1135 3034 1225 3096 tunc
1244 3021 1465 3118 dyocesanua
1490 3026 1560 3098 loei
1581 3029 1647 3120 eija
1671 3051 1736 3122 per
1759 3031 1796 3102 se

455 3139 510 3210 rel
546 3161 610 3232 per
643 3137 753 3209 alium
785 3135 893 3206 talem
924 3131 994 3206 osse
1026 3137 1386 3208 excommunicatum
1422 3138 1618 3210 denunciet
1652 3138 1795 3213 eosdem

453 3251 622 3323 canonice
640 3247 843 3320 inducendo
861 3257 899 3317 rt
918 3247 1030 3339 ipsum
1049 3249 1407 3318 excommunicatum
1425 3272 1446 3318 a
1465 3247 1527 3320 sua
1542 3254 1796 3325 communione

454 3361 628 3457 repellant
643 3373 680 3432 et
695 3361 834 3431 enitent
850 3371 885 3429 et
901 3383 921 3428 a
936 3356 1005 3428 suis
1024 3359 1158 3430 sociant
1175 3361 1305 3430 euitari
1322 3399 1330 3416 ·
1345 3357 1504 3452 alioquin
1523 3384 1604 3432 eum
1620 3359 1683 3434 fibi
1699 3365 1797 3437 ride·

452 3486 560 3546 antur
584 3474 706 3544 fauere
723 3473 783 3564 qui
802 3465 988 3540 nrauisesto
1014 3471 1162 3542 srteiuori
1190 3469 1386 3565 negligunt
1410 3472 1557 3544 obuiarc
1580 3473 1676 3545 idem
1696 3475 1795 3550 locut

453 3609 516 3680 per
531 3581 758 3656 diocesanum
776 3575 1012 3652 ecclesiuslico
1029 3579 1250 3676 sbpponatur
1273 3582 1467 3654 interdicto
1484 3595 1606 3656 tamen
1627 3585 1738 3682 llegia
1755 3601 1793 3661 et

454 3696 592 3792 llegine
616 3693 880 3784 liberorumque
904 3690 1045 3764 sitorum
1069 3693 1267 3788 capellania
1291 3698 1328 3768 in
1354 3691 1416 3768 sua
1437 3695 1615 3790 dignitate
1639 3698 1795 3774 feliciter

451 3809 631 3882 duraturis
648 3849 657 3866 ·
674 3817 713 3877 et
731 3817 772 3877 rt
788 3805 931 3876 diuinus
949 3806 1057 3877 timor
1083 3809 1284 3879 incutiatur
1299 3807 1430 3879 sortiua
1452 3803 1641 3880 obstinatia
1665 3813 1710 3885 ad
1732 3836 1796 3886 ex·

450 3919 795 3994 communicatorum
813 3914 1036 3988 insolentiam
1052 3918 1321 4012 reprimendum
1339 3915 1363 3989 si
1378 3913 1518 3991 necesse
1531 3921 1641 3992 fuerit
1659 3922 1792 4018 braehij

450 4031 615 4106 secularia
631 4028 807 4102 auxilium
824 4041 930 4122 prout
947 4029 1206 4102 catholicorum
1230 4051 1358 4125 regum
1375 4031 1599 4124 temporibus
1616 4031 1690 4104 fieri
1709 4059 1794 4108 con-

449 4145 566 4219 sireuit
590 4153 630 4214 et
654 4141 701 4214 de
726 4142 804 4214 iure
829 4141 955 4213 debuit
980 4143 1172 4214 inuoeetur
1189 4181 1198 4198 ·
1217 4151 1258 4212 et
1283 4137 1310 4212 st
1336 4139 1466 4234 aliquia
1490 4139 1650 4216 noslrum
1673 4145 1794 4242 eliqua

450 4257 599 4331 leuitate
628 4253 675 4325 ab
704 4246 940 4325 ecclesiastica
965 4265 1002 4324 et
1029 4253 1153 4326 diuina
1183 4251 1437 4326 obseruatione
1464 4254 1641 4330 recesserit
1667 4259 1723 4332 rel
1754 4263 1790 4333 in

447 4370 566 4462 aliquo
595 4388 676 4440 eam
704 4363 909 4458 impedierit
935 4387 999 4458 per
1029 4362 1116 4438 sacri
1146 4360 1285 4461 eonsrlij
1312 4363 1611 4442 deliberationem
1641 4371 1790 4446 tratrem

447 4481 590 4555 suorum
606 4489 717 4573 atque
733 4473 952 4571 prelatorum
970 4473 1125 4570 eonsilija
1141 4487 1263 4550 eareat
1279 4476 1432 4550 aliorum
1451 4519 1459 4535 ·
