4612 5964
342 792 345 800 Ι
449 694 494 765 78
975 680 1280 756 REGISTRUM
1643 687 1795 784 [secum

451 997 508 1068 De
525 995 680 1068 statione
699 997 866 1069 facienda
882 990 1116 1091 persingulas
1132 993 1237 1065 hores
1254 994 1290 1065 in
1309 993 1413 1064 choro
1425 989 1575 1067 ecclesie
1591 997 1794 1068 antediste·

448 1219 581 1293 Clerici
600 1221 646 1292 de
663 1218 845 1314 superiore
869 1219 985 1315 gradu
1005 1230 1081 1292 tam
1097 1220 1250 1291 maiores
1267 1239 1371 1310 quam
1397 1219 1553 1288 minores
1569 1217 1615 1288 ad
1634 1214 1795 1310 vesperas

448 1332 494 1403 de
512 1333 572 1404 die
589 1355 654 1426 per
671 1341 793 1403 totum
810 1353 947 1403 anuum
966 1329 1059 1404 stare
1077 1341 1250 1404 tenentur
1265 1330 1433 1403 continue
1450 1324 1516 1398 nisr
1533 1329 1620 1399 dum
1638 1327 1795 1424 respons·

447 1445 565 1514 orium
592 1443 727 1514 dicitur
743 1443 889 1536 quaudo
915 1440 1174 1537 responsorium
1191 1441 1345 1514 habetur
1359 1451 1396 1512 et
1413 1436 1577 1511 similiter
1601 1438 1722 1513 clerici
1748 1440 1794 1510 de

447 1551 604 1626 secunda
621 1555 737 1626 forma
754 1593 763 1612 ·
782 1555 885 1648 pueri
904 1575 989 1625 vero
1007 1550 1082 1627 dne
1107 1557 1205 1626 omni
1228 1553 1439 1646 exceptione
1455 1551 1502 1623 ad
1521 1548 1683 1643 vesperas
1701 1547 1793 1622 stare

448 1674 624 1738 tenentur
648 1667 823 1736 continue
848 1673 1080 1758 preterquam
1098 1668 1137 1736 in
1154 1664 1353 1736 ebdomada
1375 1660 1503 1756 pasche
1524 1671 1614 1734 tunc
1630 1663 1729 1733 enim
1747 1664 1791 1734 ud

448 1774 614 1870 vesperas
631 1775 754 1848 sedere
772 1775 911 1846 debent
929 1797 1001 1847 vna
1018 1799 1101 1847 cum
1119 1785 1199 1846 toto
1216 1775 1326 1846 choro
1341 1775 1424 1846 dum
1445 1771 1566 1846 versus
1580 1773 1737 1870 gradalis
1753 1787 1792 1846 et

447 1883 569 1959 versus
587 1905 805 1957 nnuenunns
820 1893 1017 1956 cantantur
1034 1925 1042 1942 ·
1061 1885 1122 1957 Ad
1136 1887 1406 1978 completorium
1425 1907 1510 1957 nero
1527 1906 1653 1956 omnes
1670 1883 1790 1958 clerici

447 1995 696 2067 indifferenter
721 2018 787 2088 per
811 2005 929 2065 totam
955 1994 1056 2066 illam
1081 1994 1204 2066 horam
1232 1996 1399 2065 continue
1416 1993 1509 2066 stare
1530 2005 1704 2066 tenentur
1728 2019 1792 2090 per

446 2119 566 2179 totum
593 2126 730 2176 anirum
750 2099 816 2176 uisi
834 2106 921 2175 dum
941 2104 1079 2176 fuerint
1096 2127 1219 2198 preces
1236 2127 1318 2176 cum
1337 2101 1569 2198 prostratione
1586 2141 1594 2160 ·
1611 2106 1656 2176 ad
1675 2118 1793 2176 matu-

445 2221 541 2289 tinus
556 2239 641 2288 vero
659 2213 752 2289 sture
770 2226 946 2286 tenentur
962 2236 1089 2286 omnes
1106 2215 1226 2287 clerici
1245 2238 1310 2309 per
1327 2224 1441 2287 totum
1459 2226 1603 2309 tempus
1619 2211 1684 2286 nisi
1703 2217 1788 2288 dum

446 2326 619 2398 ludiones
645 2327 818 2422 leguntur
852 2335 891 2396 et
925 2322 1252 2420 responsoriorum
1283 2325 1351 2398 suis
1380 2323 1537 2399 versibus
1561 2339 1787 2401 cantantur·

443 2437 584 2512 Omnes
610 2435 883 2511 benedictiones
908 2461 974 2532 per
999 2448 1117 2509 totum
1140 2461 1275 2510 anuum
1293 2440 1459 2511 dicuutur
1483 2440 1528 2510 ad
1554 2443 1790 2514 matutinasu

442 2546 629 2624 sacerdote
654 2551 802 2622 interim
827 2546 980 2621 sedente
1005 2545 1071 2621 nisi
1097 2559 1241 2622 tautum
1269 2550 1380 2643 prima
1396 2559 1526 2642 quartu
1545 2558 1584 2622 et
1609 2548 1787 2643 septima·

444 2672 567 2733 tamen
595 2665 632 2734 in
659 2662 719 2733 die
745 2661 951 2734 natiuitatis
968 2661 1105 2733 domini
1123 2658 1250 2733 ultime
1275 2672 1348 2732 tres
1372 2657 1638 2734 benedictiones
1663 2657 1788 2734 stando

440 2773 616 2846 dicuutur
630 2811 641 2831 ·
657 2797 706 2846 ox
728 2769 996 2868 dispensatione
1022 2782 1145 2845 tamen
1170 2794 1295 2844 omnes
1319 2771 1433 2844 clerici
1461 2782 1537 2844 tam
1554 2771 1600 2842 de
1617 2769 1785 2866 superiori

439 2885 554 2978 gradu
568 2907 678 2978 quum
693 2885 805 2956 etiam
820 2884 866 2955 de
877 2881 1036 2957 secunda
1048 2883 1162 2956 forma
1175 2879 1297 2954 sedere
1310 2877 1442 2976 possunt
1458 2883 1503 2955 ad
1517 2879 1669 2976 psalmos
1683 2881 1786 2980 super

440 2996 615 3066 ledtiones
628 2995 919 3088 quandocunque
932 2994 978 3066 ad
992 2997 1189 3066 matutinas
1207 2995 1396 3066 nodemus
1412 2993 1566 3065 dicitur·
1581 2994 1641 3066 Ad
1660 2995 1786 3072 laudes

441 3103 532 3179 sicut
558 3107 605 3178 ad
630 3105 936 3199 completorium·
955 3104 1016 3176 Ad
1035 3107 1186 3198 primam
1213 3117 1251 3176 ct
1277 3105 1362 3177 alias
1385 3106 1489 3177 horas
1513 3128 1638 3178 omnes
1663 3107 1784 3181 clerici

441 3218 671 3290 uniformiter
687 3213 781 3290 stare
796 3226 971 3288 tenentur
984 3213 1075 3288 sicut
1088 3217 1133 3289 ad
1147 3215 1416 3309 completorium
1435 3255 1444 3273 ·
1464 3218 1501 3288 iu
1514 3216 1698 3290 ferialibus
1710 3220 1785 3292 die·

439 3329 507 3400 bus
535 3329 681 3421 quando
706 3328 751 3400 ad
778 3327 843 3400 has
869 3326 1013 3400 feriales
1040 3350 1163 3421 preces
1189 3327 1357 3399 dicuntur
1381 3341 1468 3400 tuuc
1496 3323 1721 3422 prosteruunt
1748 3330 1783 3404 se

437 3439 561 3513 clerici
578 3440 625 3513 ad
642 3461 769 3510 omnes
796 3439 902 3510 horas
920 3448 959 3510 et
982 3439 1028 3511 od
1054 3437 1329 3532 completorium
1350 3441 1437 3513 dum
1462 3461 1587 3533 preces
1611 3441 1783 3514 dicuntur

437 3576 482 3624 ex
501 3575 576 3645 quo
593 3553 788 3646 incipiatur
805 3553 962 3644 primum
983 3569 1107 3622 nunus
1125 3550 1162 3620 in
1180 3545 1279 3622 mitia
1297 3547 1400 3643 usque
1417 3551 1551 3622 dicitur
1576 3571 1648 3624 ren
1667 3573 1782 3625 nonr-

437 3685 523 3736 uuu
548 3683 731 3736 uosruuu
758 3657 837 3756 post
864 3663 1094 3734 orationem·
1113 3672 1237 3735 tumen
1262 3658 1354 3732 solus
1378 3659 1539 3734 sacerdos
1564 3658 1601 3734 se
1626 3665 1739 3758 erigat
1759 3693 1778 3736 n

434 3771 673 3870 prostratione
687 3795 770 3847 cum
784 3773 920 3847 dicitur
938 3793 1098 3847 exuens
1116 3792 1268 3847 neurus
1285 3791 1427 3845 suruvs
1441 3791 1533 3844 nos·
1548 3773 1609 3846 Ad
1622 3776 1780 3869 comple

433 3889 569 3958 terium
584 3909 669 3958 vero
687 3907 760 3956 non
774 3885 890 3980 erigat
907 3882 945 3957 se
962 3883 1093 3958 chorus
1105 3895 1299 3977 antequam
1314 3883 1455 3956 finiatur
1470 3887 1586 3956 oratio
1598 3881 1677 3980 post
1688 3885 1778 3982 psai·

432 4019 534 4068 mum
553 4017 605 4068 su
618 4017 668 4070 ru
681 4013 826 4068 uuusur
846 4033 855 4054 ·
872 3995 918 4068 ad
932 3998 1132 4069 matutinus
1145 4017 1230 4068 nero
1242 3996 1330 4068 dum
1344 3994 1474 4068 dicitur
1491 4015 1613 4068 rurus
1631 4017 1775 4070 sorren

431 4119 520 4180 ante
533 4107 707 4181 testones
724 4103 917 4202 prostratio
933 4105 999 4179 dat
1015 4131 1039 4180 a
1055 4117 1135 4180 toto
1148 4107 1257 4181 choro
1273 4103 1379 4200 nsque
1394 4106 1528 4179 dicitur
1546 4127 1592 4180 er
1610 4128 1663 4180 nu
1680 4129 1751 4180 uos
1767 4151 1776 4168 ·

431 4241 618 4314 nunquam
631 4219 730 4292 euim
747 4217 1020 4290 diciturenim
1039 4239 1183 4292 nomeu
1198 4217 1255 4290 rei
1271 4216 1388 4310 aliqua
1402 4216 1475 4290 ulia
1486 4219 1602 4292 oratio
1619 4218 1776 4294 sedendo

429 4329 476 4403 ad
495 4327 660 4426 resperas
677 4351 746 4402 nec
762 4327 809 4402 ud
826 4328 1028 4401 matutinas
1044 4353 1113 4404 uec
1129 4330 1175 4404 ad
1193 4325 1329 4402 mitium
1344 4324 1402 4402 sed
1418 4325 1558 4425 semper
1574 4325 1699 4403 stundo
1718 4334 1774 4405 rel

429 4437 689 4538 prosternendo
706 4451 783 4514 tam
797 4437 1018 4514 asacerdote
1030 4463 1138 4535 quam
1151 4465 1174 4514 a
1186 4453 1266 4516 toto
1282 4439 1386 4513 choro
1402 4463 1467 4534 per
1478 4451 1597 4514 totum
1615 4465 1772 4517 anuum·

430 4551 473 4624 in
505 4553 674 4626 laudibus
704 4545 934 4646 prosternant
959 4547 996 4624 se
1021 4551 1142 4626 clerici
1173 4553 1259 4626 dum
1290 4573 1408 4646 preces
1435 4551 1577 4626 feriales
1601 4554 1774 4627 dicuntur
