4564 5968
507 758 610 855 xvc]
985 761 1388 839 ABERDONENSE.
1785 774 1850 846 171

506 955 681 1032 Visrtacio
704 961 879 1056 jocalium
905 961 1056 1038 ecclesie
1084 962 1300 1037 cathedralis
1334 960 1591 1035 Abird'onensrs
1621 965 1713 1037 fana
1738 967 1848 1036 tertio

504 1070 564 1141 die
581 1069 712 1168 Marcij
730 1099 825 1149 anuo
843 1075 995 1150 Domini
1012 1097 1121 1149 mnu.
1149 1077 1188 1147 in
1217 1099 1290 1169 qua
1314 1075 1436 1146 omnia
1460 1084 1602 1167 reperta
1618 1086 1723 1148 erant
1745 1077 1850 1147 iuxta

504 1178 747 1259 visitationem
771 1191 983 1262 immediate
1009 1187 1266 1283 precedentem
1291 1225 1300 1244 ·
1323 1186 1420 1258 Item
1446 1186 1548 1257 inens
1565 1183 1768 1259 restituitur
1782 1208 1848 1280 per

503 1295 690 1371 dominum
705 1298 938 1373 Willelmam
945 1298 1104 1372 Rolland
1118 1336 1127 1354 ·
1141 1307 1181 1369 et
1191 1292 1355 1368 fimiliter
1367 1295 1461 1369 calix
1474 1294 1676 1369 restituitur
1688 1307 1727 1370 et
1738 1297 1848 1370 refor-

503 1416 625 1481 matur
636 1433 701 1505 per
712 1413 870 1485 eundem
884 1412 1072 1482 dominum
1086 1405 1318 1478 Willelmum
1331 1407 1392 1479 vbi
1405 1409 1521 1500 primo
1533 1431 1596 1504 pes
1609 1409 1655 1481 de
1667 1409 1846 1482 auricalco

502 1517 573 1592 suit
596 1524 669 1594 iam
699 1531 839 1596 autem·
855 1523 901 1594 de
934 1528 1087 1616 argento
1117 1518 1162 1590 ad
1193 1519 1226 1611 vj
1253 1521 1375 1592 uncias
1405 1530 1546 1594 auratas
1576 1517 1778 1616 sumptibus
1806 1532 1846 1594 et

501 1630 668 1728 expensis
692 1633 852 1706 eiusdem
878 1632 1017 1704 domini
1036 1627 1217 1700 Willelmi
1235 1672 1244 1689 ·
1263 1629 1359 1702 Item
1378 1632 1527 1704 baculus
1544 1633 1737 1705 deauratus
1760 1655 1842 1705 cum

502 1743 641 1818 duabus
673 1746 791 1817 mitris
832 1765 917 1816 curn
952 1739 1157 1814 sandalibus
1191 1752 1230 1814 et
1264 1743 1454 1815 cirothecis
1488 1741 1570 1816 sunt
1603 1746 1641 1816 iu
1683 1741 1844 1816 custodia

501 1856 638 1928 domini
656 1896 665 1914 ·
683 1856 785 1928 etde
802 1853 941 1948 sagetia
958 1876 1031 1925 vna
1054 1848 1110 1924 est
1134 1853 1173 1925 in
1197 1852 1335 1948 palacio
1353 1854 1487 1926 domini
1505 1865 1544 1927 et
1560 1855 1631 1928 alia
1645 1855 1684 1926 in
1700 1857 1842 1949 porticu

501 1968 540 2037 in
557 1963 718 2041 custodia
734 1964 884 2037 rectoris
902 1964 948 2037 de
966 1963 1103 2037 Forbes
1121 2005 1130 2023 ·
1174 1963 1361 2052 Quantum
1386 1968 1433 2040 ad
1458 1967 1631 2040 annulum
1660 1967 1842 2062 perditum

500 2099 567 2171 per
582 2077 759 2149 decanum
777 2074 980 2170 capitulum
1006 2077 1170 2150 decreuit
1188 2075 1450 2151 estimationem
1468 2079 1560 2151 infra
1583 2078 1667 2151 hinc
1683 2089 1722 2150 et
1741 2076 1842 2174 syno-

501 2190 588 2260 dnm
614 2186 691 2259 fieri
725 2188 810 2259 diui
841 2187 968 2261 annuli
1003 2198 1042 2260 et
1071 2212 1155 2261 eum
1185 2191 1231 2263 ad
1265 2186 1528 2263 estimationem
1561 2188 1720 2264 eiusdem
1761 2202 1839 2265 ·et

501 2297 631 2372 desunt
651 2299 724 2370 duo
749 2295 876 2372 collini
901 2340 910 2356 ·
936 2298 1170 2374 Presentibus
1195 2301 1330 2374 ibidem
1356 2312 1502 2376 cantore
1525 2303 1737 2376 cancellario
1763 2305 1842 2377 the·

345 2438 348 2446 ·
500 2408 654 2484 saurario
672 2409 780 2506 Ovyn
798 2410 998 2484 Crowdane
1016 2410 1101 2486 Clat
1117 2413 1301 2486 Abirdonr
1317 2423 1356 2486 et
1371 2411 1572 2509 Tulynellel
1590 2455 1599 2472 ·

499 2745 590 2839 xxiij
616 2744 675 2818 die
704 2739 837 2817 mensis
863 2743 966 2838 Junij
1003 2765 1100 2816 anno
1136 2740 1284 2814 Domini
1321 2762 1443 2814 rann.
1479 2742 1632 2814 annulus
1665 2742 1753 2817 alias
1778 2745 1840 2818 de·

498 2857 661 2951 perditus
685 2865 765 2929 erat
797 2851 988 2929 restitutus
1025 2878 1091 2949 per
1117 2855 1295 2928 decanum
1321 2856 1359 2926 in
1385 2853 1545 2949 capitulo
1578 2855 1615 2927 in
1658 2853 1840 2950 presencia

498 2969 634 3040 domiui
660 2965 772 3040 nostri
798 2966 977 3064 episcopi·
1023 2965 1144 3054 Quare
1174 2965 1336 3039 decreuit
1364 2965 1565 3062 capitulum
1595 2970 1838 3043 auaouzante

498 3081 644 3153 domino
658 3082 753 3175 quod
765 3079 848 3154 aaa
858 3081 1117 3155 concernentia
1134 3079 1270 3149 dictam
1286 3078 1461 3152 annulum
1473 3075 1543 3151 lint
1560 3075 1651 3153 calla
1661 3091 1701 3153 et
1710 3083 1811 3154 irrita
1829 3124 1837 3141 ·

497 3413 668 3491 Visrtatio
695 3415 877 3490 localium
903 3413 1052 3490 ecclesie
1078 3405 1292 3489 cathedralis
1317 3412 1608 3489 Abberdonensrs
1630 3417 1726 3490 satta
1750 3429 1838 3491 xxv·

496 3530 556 3602 die
586 3523 716 3603 mensis
746 3527 877 3625 Marcij
901 3553 998 3602 auno
1025 3526 1173 3602 Domini
1200 3524 1388 3600 millesimo
1413 3525 1699 3625 quingentesimo
1726 3534 1836 3605 tertio

497 3644 533 3714 iu
564 3665 636 3737 qua
668 3641 791 3714 omnia
817 3651 962 3736 roperta
995 3651 1101 3713 erant
1129 3641 1233 3712 iuxta
1262 3635 1484 3712 visitationes
1513 3640 1721 3714 immediate
1754 3666 1836 3738 pre·

495 3756 701 3828 cedentes·
752 3751 850 3826 Item
892 3753 1050 3826 annulus
1098 3775 1228 3826 aureus
1277 3747 1478 3823 restituitur
1522 3775 1586 3847 per
1627 3751 1834 3849 magistrum

494 3865 673 3941 Jacobum
690 3865 813 3938 Brovn
832 3866 1012 3939 decanum
1023 3862 1365 3938 Abberdonensem·
1399 3862 1496 3935 Item
1510 3863 1544 3936 le
1562 3887 1731 3962 magnum
1746 3868 1837 3941 vche

493 3980 532 4051 in
550 3975 693 4073 quaest
722 4001 852 4074 ymago
869 3975 980 4051 Olaui
998 3978 1109 4050 habet
1133 3973 1216 4050 osto
1240 3975 1402 4071 lapides·
1448 3973 1678 4050 presentibus
1699 3979 1835 4054 decano

494 4089 709 4166 cancellario
736 4087 958 4166 thesaurario
975 4087 1258 4183 OyneCrodeue
1271 4089 1356 4162 Clat
1378 4087 1598 4184 Banquhory
1612 4087 1836 4185 Tullynellrll

494 4213 534 4277 et
551 4202 742 4297 Lnnmey·

495 4314 593 4389 Item
635 4313 732 4390 calix
765 4324 962 4409 argenteus
986 4313 1181 4387 deauratus
1210 4335 1292 4386 aum
1316 4323 1449 4406 patena
1481 4313 1652 4386 deaurata
1680 4315 1835 4391 donatus

495 4451 560 4523 per
576 4424 822 4502 venerabilem
840 4427 959 4498 viram
976 4421 1187 4521 magistram
1204 4425 1422 4522 Duncanum
1440 4424 1775 4500 Seuererreeorem
1789 4430 1837 4504 de

494 4539 653 4616 Olattad
671 4535 950 4613 deseruieadurn
964 4535 1040 4612 usai
1058 4541 1312 4614 canonicorum
1326 4549 1365 4609 et
1378 4536 1644 4633 capellanorum
1655 4538 1836 4616 duntaxat
