4564 5968
610 791 617 803 ·
767 768 1075 874 inarsrnnM
1105 799 1512 876 Annnnonnmsn.
1740 807 1808 873 φοι

471 993 505 1065 le
522 992 662 1086 Spetall
680 995 764 1092 hyle
783 999 924 1072 dnabna
941 1001 1067 1072 oroftia
1085 1002 1118 1094 vj
1146 1004 1175 1074 ἓ.
1194 1003 1254 1094 viij
1282 999 1317 1072 d.
1345 1009 1384 1070 et
1410 999 1456 1069 de
1474 1020 1545 1069 vna
1571 997 1686 1068 crofta
1711 998 1748 1068 in
1775 998 1810 1070 la
1941 1039 1944 1044 ,

470 1109 580 1200 fowty
597 1110 630 1200 vj
648 1109 677 1180 ἔ.
696 1134 760 1205 per
777 1110 898 1207 Cryne
915 1121 955 1184 et
972 1113 1124 1185 heredes
1141 1110 1244 1185 suos·

960 1333 1145 1405 Robertus
1164 1327 1308 1426 Wyffe·

471 1443 608 1530 Quinto
637 1447 812 1520 kalendas
839 1445 971 1538 Maroij
997 1445 1120 1514 obitus
1150 1443 1286 1513 domini
1313 1442 1465 1516 Roberti
1502 1439 1627 1538 Wyffe
1661 1446 1708 1515 de
1738 1467 1808 1536 quo

469 1561 763 1632 commemoraoio
788 1559 834 1631 de
850 1558 914 1650 xiij
933 1558 962 1628 ἓ.
986 1555 1039 1647 iiij
1061 1549 1097 1625 d.
1124 1555 1171 1626 de
1196 1555 1301 1626 terris
1318 1556 1363 1626 de
1381 1553 1527 1628 Fethile
1549 1553 1728 1627 soluendis
1745 1577 1811 1649 per

468 1670 636 1744 abbatem
653 1673 699 1744 de
717 1670 816 1742 Der·

961 1887 1144 1960 Henricus
1162 1888 1311 1984 Rynde·

467 2005 603 2092 Quarto
622 2005 709 2075 idus
728 2002 859 2094 Maroij
878 2000 999 2072 obitus
1017 2001 1112 2072 bone
1133 2003 1306 2075 memorie
1322 2002 1482 2102 magistri
1500 2004 1652 2078 Henrioi
1678 2005 1807 2099 Rynde

468 2117 672 2208 thesaurarij
697 2108 847 2186 ecclesie
871 2108 1142 2185 Aberdonenlis
1172 2116 1233 2207 qui
1259 2117 1411 2190 donauit
1440 2116 1637 2212 capellanis
1657 2117 1807 2192 ecclesie

467 2223 733 2302 Aberdonensrs
756 2226 817 2319 xvj
839 2226 869 2297 ἔ.
887 2227 998 2296 annui
1023 2225 1186 2298 redditus
1212 2227 1384 2302 leuandos
1408 2231 1455 2302 de
1480 2215 1595 2304 crofta
1612 2224 1688 2303 fiue
1711 2241 1807 2303 terra

468 2341 570 2435 dely
593 2338 798 2433 Iledunnys
824 2335 901 2432 hyll
925 2346 964 2410 et
986 2337 1032 2408 de
1057 2336 1092 2431 ly
1112 2336 1352 2435 Langlandise
1374 2365 1440 2436 pro
1463 2339 1708 2415 anniuersario
1730 2344 1807 2415 eius

466 2455 577 2548 patris
593 2463 633 2523 et
650 2453 775 2522 matris
792 2449 936 2522 snorum
963 2459 1142 2544 perpetuo
1166 2450 1381 2525 celebrando
1397 2455 1435 2525 in
1454 2453 1585 2550 vigalia
1600 2453 1699 2527 beati
1716 2454 1809 2527 Gre-

465 2566 555 2660 a⁰rii
573 2586 688 2657 aare·
773 2591 775 2596 ·

942 2829 948 2844 ·
965 2784 990 2858 J
993 2785 1129 2858 ohanes
1147 2785 1307 2860 Barbor·

466 2901 634 2976 Secundo
672 2898 761 2972 Idus
799 2897 932 2992 Maroij
966 2898 1090 2970 obitus
1120 2898 1215 2971 bone
1249 2901 1424 2972 memorio
1455 2901 1593 2972 domini
1628 2899 1806 2972 Johannia

466 3013 622 3086 Barbare
634 3010 876 3083 archidiaconi
887 3006 1157 3082 Aberdonenfis
1168 3012 1296 3104 dequo
1309 3014 1607 3085 commemoracio
1618 3013 1664 3084 de
1677 3014 1805 3109 viginti

464 3121 581 3197 solidis
594 3125 639 3195 de
651 3121 795 3194 balliuie
813 3123 859 3195 de
876 3120 1075 3194 Aberdene
1089 3165 1098 3184 ·
1113 3119 1294 3196 soluendis
1310 3127 1349 3196 in
1366 3121 1458 3196 sesto
1473 3115 1582 3197 sensti
1596 3123 1749 3197 Martini
1766 3125 1805 3197 in

464 3259 568 3332 yeme
585 3237 630 3308 de
649 3235 759 3308 firmis
776 3235 882 3330 burgi
900 3235 946 3307 de
963 3232 1161 3307 Aberdene
1178 3237 1388 3308 annuatim·

963 3455 1177 3532 Willelmus
1195 3458 1319 3556 Lang·

464 3573 601 3646 Odauo
631 3573 805 3645 kalendas
835 3570 975 3666 Aprilis
999 3571 1121 3644 obitus
1145 3573 1281 3645 domini
1305 3569 1487 3644 Willelmi
1515 3571 1620 3668 hang
1641 3575 1804 3647 canonici

464 3681 611 3758 ecclesie
641 3678 913 3758 Aberdonenfis
942 3691 982 3756 et
1013 3679 1244 3778 Glasgnensra
1269 3685 1316 3756 de
1337 3706 1410 3777 quo
1431 3686 1728 3758 commemoracio
1759 3686 1805 3758 de

465 3797 590 3893 viginti
603 3795 723 3868 solidis
736 3795 901 3867 leuandis
915 3795 961 3867 de
971 3789 1157 3867 mansione
1170 3795 1216 3868 de
1228 3794 1374 3868 Turrell'
1377 3794 1592 3870 celebranda
1602 3798 1640 3868 in
1651 3795 1805 3870 erastino

464 3905 540 4004 post
557 3903 687 3980 festum
706 3905 829 3982 sonora
846 3907 1046 3980 trinitatis·

922 4129 1135 4204 Alexander
1152 4130 1335 4204 Carronn·

465 4249 603 4334 Quarto
637 4244 811 4318 kalendar
846 4243 940 4338 Maij
974 4242 1098 4316 obitus
1132 4239 1292 4339 magistri
1321 4242 1535 4318 Alexander
1563 4245 1610 4317 da
1641 4244 1803 4318 carrona
1879 4297 1885 4314 .

464 4359 624 4433 oanonioi
644 4353 912 4429 Aberdonensra
935 4355 1077 4452 dequo
1101 4357 1398 4430 commemoratio
1422 4357 1470 4429 do
1491 4357 1557 4451 xiij
1574 4357 1605 4430 i.
1622 4357 1673 4451 iiij
1697 4353 1733 4430 d.
1758 4357 1804 4430 de

467 4465 650 4545 mansione
667 4468 850 4563 quondam
868 4467 1008 4541 Thome
1025 4465 1154 4542 Rowle
1171 4467 1335 4542 leuandia
1351 4469 1565 4542 annuatim·

512 4827 595 4883 vor..
612 4827 654 4880 11.
1113 4811 1177 4879 20
