<?xml version="1.0" encoding="UTF-8"?>
<!DOCTYPE html PUBLIC "-//W3C//DTD XHTML 1.0 Transitional//EN"
    "http://www.w3.org/TR/xhtml1/DTD/xhtml1-transitional.dtd">
<html xmlns="http://www.w3.org/1999/xhtml" xml:lang="en" lang="en">
 <head>
  <title>
</title>
<meta http-equiv="Content-Type" content="text/html;charset=utf-8" />
  <meta name='ocr-system' content='tesseract 3.04.00' />
  <meta name='ocr-capabilities' content='ocr_page ocr_carea ocr_par ocr_line ocrx_word'/>
</head>
<body>
  <div class='ocr_page' id='page_1' title='image "./registrumepisco00innegoog_0040.png"; bbox 0 0 4590 5954; ppageno 0'>
   <div class='ocr_carea' id='block_1_1' title="bbox 990 751 1391 830">
    <p class='ocr_par' dir='ltr' id='par_1_1' title="bbox 990 751 1391 830">
     <span class='ocr_line' id='line_1_1' title="bbox 990 751 1391 830; baseline -0.012 -2"><span class='ocrx_word' id='word_1_1' title='bbox 990 751 1391 830; x_wconf 83' lang='lat' dir='ltr'>ABERDONENSE.</span> 
     </span>
    </p>
   </div>
   <div class='ocr_carea' id='block_1_2' title="bbox 856 1072 1472 1158">
    <p class='ocr_par' dir='ltr' id='par_1_2' title="bbox 856 1072 1472 1158">
     <span class='ocr_line' id='line_1_2' title="bbox 856 1072 1472 1158; baseline -0.013 -16"><span class='ocrx_word' id='word_1_2' title='bbox 856 1095 928 1142; x_wconf 74' lang='lat' dir='ltr'>nox</span> <span class='ocrx_word' id='word_1_3' title='bbox 945 1093 1064 1140; x_wconf 70' lang='lat' dir='ltr'>naum</span> <span class='ocrx_word' id='word_1_4' title='bbox 1080 1090 1194 1139; x_wconf 66' lang='lat' dir='ltr'>nonus</span> <span class='ocrx_word' id='word_1_5' title='bbox 1209 1073 1272 1158; x_wconf 78' lang='lat' dir='ltr'>n&#39;ij.</span> <span class='ocrx_word' id='word_1_6' title='bbox 1318 1089 1395 1135; x_wconf 78' lang='lat' dir='ltr'>mas</span> <span class='ocrx_word' id='word_1_7' title='bbox 1411 1072 1472 1156; x_wconf 79' lang='lat' dir='ltr'>xvj.</span> 
     </span>
    </p>
   </div>
   <div class='ocr_carea' id='block_1_3' title="bbox 497 1385 1837 2812">
    <p class='ocr_par' dir='ltr' id='par_1_3' title="bbox 497 1385 1837 2812">
     <span class='ocr_line' id='line_1_3' title="bbox 608 1385 806 1469; baseline 0.005 -19"><span class='ocrx_word' id='word_1_8' title='bbox 608 1410 629 1469; x_wconf 74' lang='lat' dir='ltr'><strong><em>y</em></strong></span> <span class='ocrx_word' id='word_1_9' title='bbox 673 1408 716 1450; x_wconf 85' lang='lat' dir='ltr'>xv</span> <span class='ocrx_word' id='word_1_10' title='bbox 731 1385 806 1452; x_wconf 85' lang='lat' dir='ltr'>Kal.</span> 
     </span>
     <span class='ocr_line' id='line_1_4' title="bbox 503 1491 1836 1584; baseline 0.002 -26"><span class='ocrx_word' id='word_1_11' title='bbox 503 1496 544 1580; x_wconf 83' lang='lat' dir='ltr'>xij</span> <span class='ocrx_word' id='word_1_12' title='bbox 609 1503 636 1560; x_wconf 76' lang='lat' dir='ltr'><em>A</em></span> <span class='ocrx_word' id='word_1_13' title='bbox 673 1499 736 1584; x_wconf 80' lang='lat' dir='ltr'>xiiij</span> <span class='ocrx_word' id='word_1_14' title='bbox 753 1497 828 1564; x_wconf 90' lang='lat' dir='ltr'>Kal.</span> <span class='ocrx_word' id='word_1_15' title='bbox 866 1495 969 1562; x_wconf 75' lang='lat' dir='ltr'>Muci</span> <span class='ocrx_word' id='word_1_16' title='bbox 980 1505 1014 1558; x_wconf 79' lang='lat' dir='ltr'>at</span> <span class='ocrx_word' id='word_1_17' title='bbox 1026 1491 1204 1558; x_wconf 81' lang='lat' dir='ltr'>Marcellini</span> <span class='ocrx_word' id='word_1_18' title='bbox 1217 1493 1455 1579; x_wconf 84' lang='lat' dir='ltr'>martyrum.iij</span> <span class='ocrx_word' id='word_1_19' title='bbox 1472 1492 1640 1560; x_wconf 78' lang='lat' dir='ltr'>lectionum</span> <span class='ocrx_word' id='word_1_20' title='bbox 1658 1545 1666 1560; x_wconf 91' lang='lat'>.</span> <span class='ocrx_word' id='word_1_21' title='bbox 1682 1494 1786 1560; x_wconf 83' lang='lat' dir='ltr'>madia</span> <span class='ocrx_word' id='word_1_22' title='bbox 1797 1495 1836 1559; x_wconf 86' lang='lat' dir='ltr'>de</span> 
     </span>
     <span class='ocr_line' id='line_1_5' title="bbox 931 1603 1056 1670; baseline -0.016 0"><span class='ocrx_word' id='word_1_23' title='bbox 931 1603 1056 1670; x_wconf 86' lang='lat' dir='ltr'>sanctis.</span> 
     </span>
     <span class='ocr_line' id='line_1_6' title="bbox 497 1715 1612 1808; baseline -0.007 -20"><span class='ocrx_word' id='word_1_24' title='bbox 497 1723 512 1806; x_wconf 89' lang='lat' dir='ltr'>j</span> <span class='ocrx_word' id='word_1_25' title='bbox 609 1725 627 1787; x_wconf 84' lang='lat' dir='ltr'>b</span> <span class='ocrx_word' id='word_1_26' title='bbox 669 1723 722 1808; x_wconf 79' lang='lat' dir='ltr'>xiij</span> <span class='ocrx_word' id='word_1_27' title='bbox 738 1721 814 1786; x_wconf 86' lang='lat' dir='ltr'>Kal.</span> <span class='ocrx_word' id='word_1_28' title='bbox 877 1715 1051 1806; x_wconf 76' lang='lat' dir='ltr'>Marganta</span> <span class='ocrx_word' id='word_1_29' title='bbox 1065 1715 1173 1804; x_wconf 80' lang='lat' dir='ltr'>regine</span> <span class='ocrx_word' id='word_1_30' title='bbox 1187 1716 1348 1782; x_wconf 78' lang='lat' dir='ltr'><strong>translatio</strong></span> <span class='ocrx_word' id='word_1_31' title='bbox 1362 1765 1371 1780; x_wconf 91' lang='lat'>.</span> <span class='ocrx_word' id='word_1_32' title='bbox 1387 1717 1418 1781; x_wconf 86' lang='lat' dir='ltr'>ix</span> <span class='ocrx_word' id='word_1_33' title='bbox 1433 1716 1612 1782; x_wconf 84' lang='lat' dir='ltr'>lectionum.</span> 
     </span>
     <span class='ocr_line' id='line_1_7' title="bbox 609 1831 802 1920; baseline -0.016 -22"><span class='ocrx_word' id='word_1_34' title='bbox 609 1859 625 1898; x_wconf 86' lang='lat' dir='ltr'><strong><em>c</em></strong></span> <span class='ocrx_word' id='word_1_35' title='bbox 670 1833 711 1920; x_wconf 76' lang='lat' dir='ltr'>xij</span> <span class='ocrx_word' id='word_1_36' title='bbox 729 1831 802 1897; x_wconf 88' lang='lat' dir='ltr'>Kal.</span> 
     </span>
     <span class='ocr_line' id='line_1_8' title="bbox 503 1941 794 2029; baseline -0.007 -21"><span class='ocrx_word' id='word_1_37' title='bbox 503 1947 534 2008; x_wconf 88' lang='lat' dir='ltr'>ix</span> <span class='ocrx_word' id='word_1_38' title='bbox 608 1949 630 2008; x_wconf 83' lang='lat' dir='ltr'>d</span> <span class='ocrx_word' id='word_1_39' title='bbox 673 1946 703 2029; x_wconf 83' lang='lat' dir='ltr'>xj</span> <span class='ocrx_word' id='word_1_40' title='bbox 722 1941 794 2009; x_wconf 85' lang='lat' dir='ltr'>Kal.</span> 
     </span>
     <span class='ocr_line' id='line_1_9' title="bbox 610 2050 1724 2141; baseline -0.002 -21"><span class='ocrx_word' id='word_1_41' title='bbox 610 2081 625 2120; x_wconf 77' lang='lat' dir='ltr'><em>e</em></span> <span class='ocrx_word' id='word_1_42' title='bbox 673 2052 782 2120; x_wconf 84' lang='lat' dir='ltr'>xKul.</span> <span class='ocrx_word' id='word_1_43' title='bbox 874 2051 994 2118; x_wconf 83' lang='lat' dir='ltr'>Albani</span> <span class='ocrx_word' id='word_1_44' title='bbox 1007 2050 1267 2141; x_wconf 79' lang='lat' dir='ltr'>prothomartytis</span> <span class='ocrx_word' id='word_1_45' title='bbox 1281 2052 1459 2141; x_wconf 79' lang='lat' dir='ltr'>Anglorum</span> <span class='ocrx_word' id='word_1_46' title='bbox 1475 2100 1483 2118; x_wconf 91' lang='lat'>.</span> <span class='ocrx_word' id='word_1_47' title='bbox 1501 2055 1530 2117; x_wconf 87' lang='lat' dir='ltr'>ix</span> <span class='ocrx_word' id='word_1_48' title='bbox 1543 2052 1724 2119; x_wconf 82' lang='lat' dir='ltr'>lectionum.</span> 
     </span>
     <span class='ocr_line' id='line_1_10' title="bbox 504 2161 1837 2253; baseline -0.002 -20"><span class='ocrx_word' id='word_1_49' title='bbox 504 2169 566 2252; x_wconf 77' lang='lat' dir='ltr'>xvij</span> <span class='ocrx_word' id='word_1_50' title='bbox 604 2171 632 2252; x_wconf 78' lang='lat' dir='ltr'><strong><em>s</em></strong></span> <span class='ocrx_word' id='word_1_51' title='bbox 673 2169 704 2231; x_wconf 79' lang='lat' dir='ltr'>ix</span> <span class='ocrx_word' id='word_1_52' title='bbox 722 2165 794 2230; x_wconf 86' lang='lat' dir='ltr'>Kal.</span> <span class='ocrx_word' id='word_1_53' title='bbox 873 2161 1066 2230; x_wconf 81' lang='lat' dir='ltr'>Etheldseds</span> <span class='ocrx_word' id='word_1_54' title='bbox 1080 2163 1210 2252; x_wconf 81' lang='lat' dir='ltr'>virginis</span> <span class='ocrx_word' id='word_1_55' title='bbox 1233 2187 1296 2231; x_wconf 89' lang='lat' dir='ltr'>non</span> <span class='ocrx_word' id='word_1_56' title='bbox 1319 2166 1462 2253; x_wconf 42' lang='lat' dir='ltr'>matt-nis</span> <span class='ocrx_word' id='word_1_57' title='bbox 1482 2215 1490 2230; x_wconf 94' lang='lat'>.</span> <span class='ocrx_word' id='word_1_58' title='bbox 1513 2165 1544 2250; x_wconf 89' lang='lat' dir='ltr'>iij</span> <span class='ocrx_word' id='word_1_59' title='bbox 1569 2165 1739 2232; x_wconf 86' lang='lat' dir='ltr'>lectionum</span> <span class='ocrx_word' id='word_1_60' title='bbox 1763 2188 1837 2232; x_wconf 87' lang='lat' dir='ltr'>cum</span> 
     </span>
     <span class='ocr_line' id='line_1_11' title="bbox 931 2290 1096 2344; baseline -0.006 -1"><span class='ocrx_word' id='word_1_61' title='bbox 931 2290 1096 2344; x_wconf 83' lang='lat' dir='ltr'>nocturno.</span> 
     </span>
     <span class='ocr_line' id='line_1_12' title="bbox 505 2387 1664 2480; baseline 0 -26"><span class='ocrx_word' id='word_1_62' title='bbox 505 2393 532 2476; x_wconf 75' lang='lat' dir='ltr'>vj</span> <span class='ocrx_word' id='word_1_63' title='bbox 608 2417 629 2475; x_wconf 46' lang='grc' dir='ltr'>,ιι</span> <span class='ocrx_word' id='word_1_64' title='bbox 674 2391 724 2476; x_wconf 76' lang='lat' dir='ltr'>viij</span> <span class='ocrx_word' id='word_1_65' title='bbox 743 2389 816 2456; x_wconf 84' lang='lat' dir='ltr'>Kal.</span> <span class='ocrx_word' id='word_1_66' title='bbox 876 2389 1063 2456; x_wconf 75' lang='lat' dir='ltr'>Natiuitatis</span> <span class='ocrx_word' id='word_1_67' title='bbox 1076 2387 1236 2456; x_wconf 73' lang='lat' dir='ltr'>«Iohannis</span> <span class='ocrx_word' id='word_1_68' title='bbox 1250 2390 1383 2479; x_wconf 76' lang='lat' dir='ltr'>baptiste</span> <span class='ocrx_word' id='word_1_69' title='bbox 1399 2440 1406 2456; x_wconf 93' lang='lat'>.</span> <span class='ocrx_word' id='word_1_70' title='bbox 1422 2392 1522 2457; x_wconf 85' lang='lat' dir='ltr'>maius</span> <span class='ocrx_word' id='word_1_71' title='bbox 1537 2389 1664 2480; x_wconf 85' lang='lat' dir='ltr'>duplex.</span> 
     </span>
     <span class='ocr_line' id='line_1_13' title="bbox 610 2501 1449 2593; baseline 0.001 -26"><span class='ocrx_word' id='word_1_72' title='bbox 610 2509 639 2567; x_wconf 73' lang='grc' dir='ltr'><strong><em>Α</em></strong></span> <span class='ocrx_word' id='word_1_73' title='bbox 675 2504 714 2589; x_wconf 75' lang='lat' dir='ltr'>iij</span> <span class='ocrx_word' id='word_1_74' title='bbox 731 2502 805 2567; x_wconf 84' lang='lat' dir='ltr'>Kal.</span> <span class='ocrx_word' id='word_1_75' title='bbox 870 2502 989 2570; x_wconf 85' lang='lat' dir='ltr'>llloloci</span> <span class='ocrx_word' id='word_1_76' title='bbox 1003 2503 1139 2593; x_wconf 76' lang='lat' dir='ltr'>episcopi</span> <span class='ocrx_word' id='word_1_77' title='bbox 1156 2550 1165 2569; x_wconf 88' lang='lat'>.</span> <span class='ocrx_word' id='word_1_78' title='bbox 1180 2502 1309 2568; x_wconf 73' lang='lat' dir='ltr'>intutus</span> <span class='ocrx_word' id='word_1_79' title='bbox 1323 2501 1449 2591; x_wconf 85' lang='lat' dir='ltr'>duplex.</span> 
     </span>
     <span class='ocr_line' id='line_1_14' title="bbox 504 2612 1685 2703; baseline -0.002 -23"><span class='ocrx_word' id='word_1_80' title='bbox 504 2617 556 2702; x_wconf 80' lang='lat' dir='ltr'>xiij</span> <span class='ocrx_word' id='word_1_81' title='bbox 611 2619 629 2676; x_wconf 72' lang='lat' dir='ltr'>lo</span> <span class='ocrx_word' id='word_1_82' title='bbox 675 2616 704 2701; x_wconf 75' lang='lat' dir='ltr'>vj</span> <span class='ocrx_word' id='word_1_83' title='bbox 723 2615 796 2680; x_wconf 88' lang='lat' dir='ltr'>Kal.</span> <span class='ocrx_word' id='word_1_84' title='bbox 870 2614 1030 2681; x_wconf 89' lang='lat' dir='ltr'>Johannis</span> <span class='ocrx_word' id='word_1_85' title='bbox 1044 2627 1077 2681; x_wconf 80' lang='lat' dir='ltr'>et</span> <span class='ocrx_word' id='word_1_86' title='bbox 1092 2612 1186 2681; x_wconf 88' lang='lat' dir='ltr'>Pauli</span> <span class='ocrx_word' id='word_1_87' title='bbox 1202 2625 1375 2700; x_wconf 78' lang='lat' dir='ltr'>mastynun</span> <span class='ocrx_word' id='word_1_88' title='bbox 1392 2663 1400 2679; x_wconf 92' lang='lat'>.</span> <span class='ocrx_word' id='word_1_89' title='bbox 1415 2614 1544 2678; x_wconf 80' lang='lat' dir='ltr'>iniurius</span> <span class='ocrx_word' id='word_1_90' title='bbox 1559 2613 1685 2703; x_wconf 82' lang='lat' dir='ltr'>duplex.</span> 
     </span>
     <span class='ocr_line' id='line_1_15' title="bbox 503 2726 783 2812; baseline -0.007 -20"><span class='ocrx_word' id='word_1_91' title='bbox 503 2730 534 2812; x_wconf 84' lang='lat' dir='ltr'>llj</span> <span class='ocrx_word' id='word_1_92' title='bbox 609 2755 624 2788; x_wconf 74' lang='grc' dir='ltr'>ι’</span> <span class='ocrx_word' id='word_1_93' title='bbox 673 2750 693 2788; x_wconf 77' lang='grc' dir='ltr'>ι·</span> <span class='ocrx_word' id='word_1_94' title='bbox 710 2726 783 2792; x_wconf 75' lang='lat' dir='ltr'>Kal.</span> 
     </span>
    </p>
   </div>
   <div class='ocr_carea' id='block_1_4' title="bbox 505 2947 1718 3148">
    <p class='ocr_par' dir='ltr' id='par_1_4' title="bbox 505 2947 1718 3148">
     <span class='ocr_line' id='line_1_16' title="bbox 505 2947 1620 3038; baseline -0.001 -22"><span class='ocrx_word' id='word_1_95' title='bbox 505 2953 534 3034; x_wconf 79' lang='lat' dir='ltr'>xj</span> <span class='ocrx_word' id='word_1_96' title='bbox 609 2975 624 3014; x_wconf 82' lang='lat' dir='ltr'><em>e</em></span> <span class='ocrx_word' id='word_1_97' title='bbox 674 2949 705 3033; x_wconf 90' lang='lat' dir='ltr'>iij</span> <span class='ocrx_word' id='word_1_98' title='bbox 723 2947 797 3013; x_wconf 83' lang='lat' dir='ltr'>Kal.</span> <span class='ocrx_word' id='word_1_99' title='bbox 871 2947 959 3014; x_wconf 80' lang='lat' dir='ltr'>Petri</span> <span class='ocrx_word' id='word_1_100' title='bbox 973 2961 1007 3015; x_wconf 83' lang='lat' dir='ltr'>et</span> <span class='ocrx_word' id='word_1_101' title='bbox 1021 2947 1114 3016; x_wconf 85' lang='lat' dir='ltr'>Pauli</span> <span class='ocrx_word' id='word_1_102' title='bbox 1130 2948 1339 3037; x_wconf 86' lang='lat' dir='ltr'>apostolorum</span> <span class='ocrx_word' id='word_1_103' title='bbox 1355 2997 1364 3014; x_wconf 91' lang='lat'>.</span> <span class='ocrx_word' id='word_1_104' title='bbox 1380 2951 1479 3014; x_wconf 80' lang='lat' dir='ltr'>maius</span> <span class='ocrx_word' id='word_1_105' title='bbox 1493 2949 1620 3038; x_wconf 81' lang='lat' dir='ltr'>duplex.</span> 
     </span>
     <span class='ocr_line' id='line_1_17' title="bbox 605 3059 1718 3148; baseline -0.004 -18"><span class='ocrx_word' id='word_1_106' title='bbox 605 3063 632 3148; x_wconf 74' lang='lat' dir='ltr'><em>j</em></span> <span class='ocrx_word' id='word_1_107' title='bbox 678 3059 763 3126; x_wconf 83' lang='lat' dir='ltr'>l&#39;rid.</span> <span class='ocrx_word' id='word_1_108' title='bbox 781 3059 855 3126; x_wconf 84' lang='lat' dir='ltr'>Kal.</span> <span class='ocrx_word' id='word_1_109' title='bbox 872 3059 1139 3128; x_wconf 79' lang='lat' dir='ltr'>Commamnmtio</span> <span class='ocrx_word' id='word_1_110' title='bbox 1155 3060 1247 3128; x_wconf 86' lang='lat' dir='ltr'>Pauli</span> <span class='ocrx_word' id='word_1_111' title='bbox 1263 3111 1272 3128; x_wconf 87' lang='lat'>.</span> <span class='ocrx_word' id='word_1_112' title='bbox 1288 3063 1320 3127; x_wconf 80' lang='lat' dir='ltr'>ix</span> <span class='ocrx_word' id='word_1_113' title='bbox 1334 3061 1502 3129; x_wconf 80' lang='lat' dir='ltr'>lactionum</span> <span class='ocrx_word' id='word_1_114' title='bbox 1520 3114 1527 3129; x_wconf 96' lang='lat'>.</span> <span class='ocrx_word' id='word_1_115' title='bbox 1545 3063 1650 3128; x_wconf 77' lang='lat' dir='ltr'>lntit&#39;.</span> <span class='ocrx_word' id='word_1_116' title='bbox 1667 3063 1718 3127; x_wconf 86' lang='lat' dir='ltr'>tri.</span> 
     </span>
    </p>
   </div>
   <div class='ocr_carea' id='block_1_5' title="bbox 921 3623 1417 3674">
    <p class='ocr_par' dir='ltr' id='par_1_5' title="bbox 921 3623 1417 3674">
     <span class='ocr_line' id='line_1_18' title="bbox 921 3623 1417 3674; baseline -0.002 0"><span class='ocrx_word' id='word_1_117' title='bbox 921 3623 1147 3674; x_wconf 67' lang='lat' dir='ltr'>catullum!</span> <span class='ocrx_word' id='word_1_118' title='bbox 1163 3625 1417 3674; x_wconf 73' lang='lat' dir='ltr'>aunnnon&#39;sxst.</span> 
     </span>
    </p>
   </div>
   <div class='ocr_carea' id='block_1_6' title="bbox 505 3805 1840 4660">
    <p class='ocr_par' dir='ltr' id='par_1_6' title="bbox 889 3805 1840 4118">
     <span class='ocr_line' id='line_1_19' title="bbox 891 3805 1840 3898; baseline 0.002 -28"><span class='ocrx_word' id='word_1_119' title='bbox 891 3805 975 3871; x_wconf 87' lang='lat' dir='ltr'>tibus</span> <span class='ocrx_word' id='word_1_120' title='bbox 999 3806 1094 3891; x_wconf 82' lang='lat' dir='ltr'>juxta</span> <span class='ocrx_word' id='word_1_121' title='bbox 1124 3821 1269 3872; x_wconf 89' lang='lat' dir='ltr'>naturam</span> <span class='ocrx_word' id='word_1_122' title='bbox 1305 3808 1493 3874; x_wconf 87' lang='lat' dir='ltr'>fundationis</span> <span class='ocrx_word' id='word_1_123' title='bbox 1515 3808 1648 3898; x_wconf 73' lang='lat' dir='ltr'>dsuuper</span> <span class='ocrx_word' id='word_1_124' title='bbox 1670 3807 1752 3874; x_wconf 77' lang='lat' dir='ltr'>lacte</span> <span class='ocrx_word' id='word_1_125' title='bbox 1784 3831 1840 3896; x_wconf 86' lang='lat' dir='ltr'>per</span> 
     </span>
     <span class='ocr_line' id='line_1_20' title="bbox 889 3917 1839 4008; baseline -0.001 -24"><span class='ocrx_word' id='word_1_126' title='bbox 889 3931 1072 3984; x_wconf 71' lang='lat' dir='ltr'>executum</span> <span class='ocrx_word' id='word_1_127' title='bbox 1085 3917 1225 4005; x_wconf 80' lang='lat' dir='ltr'>ejusdem</span> <span class='ocrx_word' id='word_1_128' title='bbox 1241 3917 1371 3986; x_wconf 87' lang='lat' dir='ltr'>Gauini.</span> <span class='ocrx_word' id='word_1_129' title='bbox 1415 3919 1481 4002; x_wconf 91' lang='lat' dir='ltr'>Qui</span> <span class='ocrx_word' id='word_1_130' title='bbox 1496 3919 1572 3984; x_wconf 84' lang='lat' dir='ltr'>obiit</span> <span class='ocrx_word' id='word_1_131' title='bbox 1587 3933 1623 3984; x_wconf 91' lang='lat' dir='ltr'>ut</span> <span class='ocrx_word' id='word_1_132' title='bbox 1645 3941 1739 4008; x_wconf 83' lang='lat' dir='ltr'>supra</span> <span class='ocrx_word' id='word_1_133' title='bbox 1754 3941 1839 3984; x_wconf 87' lang='lat' dir='ltr'>anno</span> 
     </span>
     <span class='ocr_line' id='line_1_21' title="bbox 890 4029 1625 4118; baseline 0.001 -23"><span class='ocrx_word' id='word_1_134' title='bbox 890 4030 940 4096; x_wconf 84' lang='lat' dir='ltr'>die</span> <span class='ocrx_word' id='word_1_135' title='bbox 955 4053 1062 4097; x_wconf 78' lang='lat' dir='ltr'>niense</span> <span class='ocrx_word' id='word_1_136' title='bbox 1076 4039 1222 4118; x_wconf 79' lang='lat' dir='ltr'>utsupra</span> <span class='ocrx_word' id='word_1_137' title='bbox 1234 4029 1343 4098; x_wconf 74' lang='lat' dir='ltr'>eodem</span> <span class='ocrx_word' id='word_1_138' title='bbox 1358 4029 1436 4096; x_wconf 84' lang='lat' dir='ltr'>libm</span> <span class='ocrx_word' id='word_1_139' title='bbox 1451 4032 1482 4096; x_wconf 88' lang='lat' dir='ltr'>in</span> <span class='ocrx_word' id='word_1_140' title='bbox 1499 4031 1625 4097; x_wconf 79' lang='lat' dir='ltr'>Martio.</span> 
     </span>
    </p>

    <p class='ocr_par' dir='ltr' id='par_1_7' title="bbox 505 4141 1839 4344">
     <span class='ocr_line' id='line_1_22' title="bbox 505 4141 1839 4232; baseline -0.004 -20"><span class='ocrx_word' id='word_1_141' title='bbox 505 4148 569 4230; x_wconf 77' lang='lat' dir='ltr'>xxij</span> <span class='ocrx_word' id='word_1_142' title='bbox 612 4171 628 4211; x_wconf 82' lang='lat' dir='ltr'><em>e</em></span> <span class='ocrx_word' id='word_1_143' title='bbox 679 4169 700 4209; x_wconf 81' lang='grc' dir='ltr'>,ι</span> <span class='ocrx_word' id='word_1_144' title='bbox 730 4143 803 4210; x_wconf 84' lang='lat' dir='ltr'>Kal.</span> <span class='ocrx_word' id='word_1_145' title='bbox 849 4141 1112 4208; x_wconf 80' lang='lat' dir='ltr'>Anniuersarium</span> <span class='ocrx_word' id='word_1_146' title='bbox 1133 4163 1191 4230; x_wconf 83' lang='lat' dir='ltr'>pm</span> <span class='ocrx_word' id='word_1_147' title='bbox 1204 4142 1367 4208; x_wconf 78' lang='lat' dir='ltr'>animabus</span> <span class='ocrx_word' id='word_1_148' title='bbox 1389 4145 1527 4232; x_wconf 82' lang='lat' dir='ltr'>magistn&#39;</span> <span class='ocrx_word' id='word_1_149' title='bbox 1551 4143 1699 4210; x_wconf 82' lang='lat' dir='ltr'>Duncani</span> <span class='ocrx_word' id='word_1_150' title='bbox 1715 4143 1839 4210; x_wconf 83' lang='lat' dir='ltr'>Burnet</span> 
     </span>
     <span class='ocr_line' id='line_1_23' title="bbox 891 4253 1762 4344; baseline -0.001 -23"><span class='ocrx_word' id='word_1_151' title='bbox 891 4269 922 4321; x_wconf 81' lang='lat' dir='ltr'>et</span> <span class='ocrx_word' id='word_1_152' title='bbox 937 4267 1105 4344; x_wconf 80' lang='lat' dir='ltr'>parantum</span> <span class='ocrx_word' id='word_1_153' title='bbox 1118 4254 1195 4321; x_wconf 84' lang='lat' dir='ltr'>eius.</span> <span class='ocrx_word' id='word_1_154' title='bbox 1229 4253 1296 4336; x_wconf 89' lang='lat' dir='ltr'>Qui</span> <span class='ocrx_word' id='word_1_155' title='bbox 1310 4255 1387 4322; x_wconf 90' lang='lat' dir='ltr'>obiit</span> <span class='ocrx_word' id='word_1_156' title='bbox 1399 4278 1483 4321; x_wconf 89' lang='lat' dir='ltr'>anno</span> <span class='ocrx_word' id='word_1_157' title='bbox 1497 4254 1626 4322; x_wconf 89' lang='lat' dir='ltr'>Domini</span> <span class='ocrx_word' id='word_1_158' title='bbox 1650 4305 1659 4320; x_wconf 90' lang='lat'>.</span> <span class='ocrx_word' id='word_1_159' title='bbox 1683 4303 1691 4320; x_wconf 97' lang='lat'>.</span> <span class='ocrx_word' id='word_1_160' title='bbox 1719 4303 1762 4320; x_wconf 90' lang='lat'>..</span> 
     </span>
    </p>

    <p class='ocr_par' dir='ltr' id='par_1_8' title="bbox 506 4365 1838 4660">
     <span class='ocr_line' id='line_1_24' title="bbox 506 4365 1838 4457; baseline -0.002 -25"><span class='ocrx_word' id='word_1_161' title='bbox 506 4371 579 4456; x_wconf 72' lang='lat' dir='ltr'>xxvj</span> <span class='ocrx_word' id='word_1_162' title='bbox 614 4371 632 4431; x_wconf 70' lang='lat' dir='ltr'>l»</span> <span class='ocrx_word' id='word_1_163' title='bbox 679 4369 709 4454; x_wconf 78' lang='lat' dir='ltr'>vj</span> <span class='ocrx_word' id='word_1_164' title='bbox 734 4367 807 4434; x_wconf 83' lang='lat' dir='ltr'>Kal.</span> <span class='ocrx_word' id='word_1_165' title='bbox 843 4365 1107 4440; x_wconf 81' lang='lat' dir='ltr'>Anniuersarium</span> <span class='ocrx_word' id='word_1_166' title='bbox 1131 4388 1188 4457; x_wconf 86' lang='lat' dir='ltr'>pro</span> <span class='ocrx_word' id='word_1_167' title='bbox 1209 4365 1375 4432; x_wconf 85' lang='lat' dir='ltr'>animabus</span> <span class='ocrx_word' id='word_1_168' title='bbox 1396 4367 1536 4455; x_wconf 84' lang='lat' dir='ltr'>magiatn&#39;</span> <span class='ocrx_word' id='word_1_169' title='bbox 1559 4365 1735 4433; x_wconf 83' lang='lat' dir='ltr'>Alexandn&#39;</span> <span class='ocrx_word' id='word_1_170' title='bbox 1751 4365 1838 4456; x_wconf 91' lang='lat' dir='ltr'>Spit-</span> 
     </span>
     <span class='ocr_line' id='line_1_25' title="bbox 891 4476 1837 4568; baseline -0.004 -22"><span class='ocrx_word' id='word_1_171' title='bbox 891 4479 947 4546; x_wconf 85' lang='lat' dir='ltr'>tall</span> <span class='ocrx_word' id='word_1_172' title='bbox 962 4478 1091 4546; x_wconf 71' lang='lat' dir='ltr'>motulis</span> <span class='ocrx_word' id='word_1_173' title='bbox 1101 4476 1142 4545; x_wconf 83' lang='lat' dir='ltr'>de</span> <span class='ocrx_word' id='word_1_174' title='bbox 1156 4477 1231 4548; x_wconf 84' lang='lat' dir='ltr'>Clat</span> <span class='ocrx_word' id='word_1_175' title='bbox 1245 4492 1278 4546; x_wconf 80' lang='lat' dir='ltr'>et</span> <span class='ocrx_word' id='word_1_176' title='bbox 1292 4492 1456 4568; x_wconf 64' lang='lat' dir='ltr'>pauentum</span> <span class='ocrx_word' id='word_1_177' title='bbox 1470 4480 1547 4545; x_wconf 85' lang='lat' dir='ltr'>eius.</span> <span class='ocrx_word' id='word_1_178' title='bbox 1578 4476 1646 4562; x_wconf 88' lang='lat' dir='ltr'>Qui</span> <span class='ocrx_word' id='word_1_179' title='bbox 1660 4477 1737 4544; x_wconf 88' lang='lat' dir='ltr'>obiit</span> <span class='ocrx_word' id='word_1_180' title='bbox 1753 4501 1837 4545; x_wconf 86' lang='lat' dir='ltr'>anno</span> 
     </span>
     <span class='ocr_line' id='line_1_26' title="bbox 890 4591 1149 4660; baseline -0.008 0"><span class='ocrx_word' id='word_1_181' title='bbox 890 4591 1021 4660; x_wconf 85' lang='lat' dir='ltr'>Domini</span> <span class='ocrx_word' id='word_1_182' title='bbox 1045 4641 1053 4660; x_wconf 91' lang='lat'>.</span> <span class='ocrx_word' id='word_1_183' title='bbox 1077 4641 1085 4658; x_wconf 94' lang='lat'>.</span> <span class='ocrx_word' id='word_1_184' title='bbox 1109 4640 1149 4658; x_wconf 91' lang='lat'>..</span> 
     </span>
    </p>
   </div>
   <div class='ocr_carea' id='block_1_7' title="bbox 0 0 2300 5954">
    <p class='ocr_par' dir='ltr' id='par_1_9' title="bbox 0 0 2300 5954">
     <span class='ocr_line' id='line_1_27' title="bbox 0 0 2300 5954; baseline 0 0"><span class='ocrx_word' id='word_1_185' title='bbox 0 0 2300 5954; x_wconf 95' lang='lat' dir='ltr'> </span> 
     </span>
    </p>
   </div>
  </div>
 </body>
</html>
