4564 5968
449 599 516 664 188
961 589 1269 664 REGISTRUM
1629 589 1786 686 [ancum

449 790 566 886 lapide
588 791 693 888 asurij
719 793 847 867 coloris
864 804 903 866 et
919 787 1104 862 nonnullis
1134 787 1339 882 margaritis
1355 796 1392 856 ot
1413 784 1591 880 lapidibus
1616 780 1786 882 prociolis

448 926 531 976 cum
549 915 703 999 quatuor
719 908 857 1002 magnis
873 900 1074 998 margaritis
1091 908 1130 970 st
1147 907 1304 991 quatuor
1319 895 1397 988 alija
1412 894 1590 989 lapidibus
1608 940 1616 955 ·

499 1014 642 1112 Stupha
663 1040 780 1091 annea
803 1018 848 1090 ad
873 1010 1147 1088 califaoiendum
1173 1031 1303 1080 manus
1329 1007 1504 1102 pontificis
1522 1009 1559 1078 in
1577 1006 1677 1082 milla
1702 1033 1786 1084 curu

450 1149 540 1219 opus
557 1130 667 1202 fuerit
690 1129 798 1225 longa
813 1125 874 1200 sed
891 1125 1047 1198 rotunda
1062 1145 1134 1216 quo
1151 1120 1296 1194 tollitur
1312 1141 1392 1193 cum
1409 1117 1569 1213 reliquijs
1587 1157 1596 1176 ·

500 1237 597 1312 Item
622 1240 694 1312 duo
721 1239 869 1336 pollices
894 1261 941 1311 ox
968 1237 1044 1310 tola
1071 1258 1182 1308 aurea
1206 1255 1271 1326 pro
1296 1228 1462 1326 pontifice
1489 1253 1574 1302 cum
1605 1225 1788 1301 ministrat

451 1347 712 1424 sacramentum
729 1350 1010 1424 confirmationis
1028 1387 1037 1406 ·

500 1460 597 1534 Item
623 1472 697 1534 iras
712 1460 871 1554 ampulla
887 1461 1027 1556 argenti
1050 1459 1223 1531 deaurata
1240 1475 1324 1527 cum
1342 1451 1427 1548 palis
1453 1452 1651 1524 earundem
1668 1461 1790 1544 porta·

451 1573 536 1644 tiles
560 1596 644 1644 cum
669 1568 854 1665 opiscopus
880 1566 1001 1643 visitat
1024 1592 1089 1665 pro
1113 1564 1340 1640 stommento
1365 1562 1643 1636 confirmationis
1668 1560 1791 1632 minis·

453 1683 583 1754 trando
600 1682 703 1776 nigro
719 1693 889 1774 cooperto
905 1703 1027 1753 correo
1046 1720 1054 1737 ·
1487 1679 1495 1694 “

552 1900 724 1998 [Summa
738 1902 863 1975 totalis
886 1903 1026 1998 argenti
1050 1900 1239 1995 supradidii
1259 1902 1297 1972 in
1307 1898 1481 1994 jocalibus
1505 1895 1655 1972 ecclelia
1671 1899 1791 1974 Aber-

551 2009 716 2086 doncnlis
740 2014 941 2087 extendens
957 2013 1002 2085 ad
1020 2012 1120 2086 mille
1147 2009 1392 2107 septiugentaa
1409 2012 1528 2086 ancias
1545 2013 1686 2108 argenti
1705 2035 1788 2084 curn

550 2125 708 2198 dimcdia
723 2127 826 2198 uncie
843 2165 852 2184 ·

550 2236 703 2311 Summa
726 2239 763 2310 in
788 2261 875 2310 auro
899 2232 1081 2332 puriffimo
1106 2238 1311 2310 extendens
1335 2236 1380 2309 ad
1403 2238 1665 2331 quinquaginta
1683 2259 1789 2310 unam

552 2351 673 2423 uncias
697 2352 773 2424 auri
799 2373 882 2423 cum
900 2349 1039 2423 duabus
1057 2343 1181 2446 groffis
1197 2359 1321 2445 preter
1337 2349 1477 2421 mitram
1495 2348 1732 2442 principalem
1749 2360 1788 2419 et

552 2460 691 2555 lapidas
708 2459 884 2556 preciosos
897 2459 927 2556 ·]

451 2796 697 2875 SEQUUNTUB
716 2817 805 2869 ΜΔ
823 2818 951 2870 ΕΝΝΕΔ
969 2817 1043 2870 Pan
1060 2816 1209 2870 1210ar
1225 2816 1407 2870 Dounion
1420 2795 1613 2868 GAUlNUM
1634 2816 1680 2868 ΕΤ
1698 2815 1790 2866 SUOS

912 2929 1161 2981 EXBGUTORES
1180 2927 1327 2980 ΕΜΡΤΑ·

452 3109 506 3208 ln
538 3134 662 3228 primia
688 3155 753 3228 per
781 3145 995 3206 executores
1023 3145 1181 3227 quatuor
1206 3132 1377 3205 columne
1401 3156 1516 3206 cunco
1546 3155 1630 3206 cum
1659 3136 1787 3230 viginti

451 3258 606 3341 quatuor
632 3243 854 3317 candelabris
881 3255 1036 3338 quatuor
1064 3242 1203 3340 angelis
1232 3256 1273 3317 ct
1303 3241 1515 3318 salutatione
1548 3244 1712 3340 angelica
1741 3269 1788 3318 ax

434 3371 602 3452 ,unaque
620 3367 723 3450 purae
739 3354 868 3427 lirmmi
885 3356 1031 3428 albaria·

503 3469 599 3542 ltcm
617 3491 682 3562 per
698 3467 841 3540 eosdem
867 3491 996 3564 ymago
1014 3467 1098 3540 diui
1118 3468 1254 3540 domini
1274 3466 1425 3563 episcopi
1449 3493 1495 3542 cx
1521 3494 1582 3542 era
1603 3469 1681 3543 fuso
1703 3493 1787 3542 curu

452 3581 638 3678 opiuphio
655 3577 813 3653 ciusdem
831 3579 980 3675 sculptis
996 3601 1080 3653 cum
1097 3579 1240 3652 duobus
1257 3579 1412 3677 angelis·

478 3692 598 3767 ,Item
624 3691 812 3786 pulchrum
842 3691 1098 3767 candelabrum
1129 3691 1331 3786 pendulum
1359 3715 1511 3766 enneum
1539 3718 1623 3767 curn
1655 3717 1788 3768 noueru

451 3807 598 3880 floribus
613 3826 679 3900 pro
696 3803 930 3879 luminaribus
947 3829 1011 3901 pro
1023 3803 1129 3878 altari
1147 3805 1232 3878 diue
1250 3805 1397 3898 virginis
1412 3803 1638 3879 liutharius·

503 3918 599 3991 Ibem
615 3937 745 4012 ymago
761 3914 889 4012 Moyse
906 3940 971 4012 pro
987 3913 1139 4012 epistola
1154 3916 1382 3990 decantanda
1396 3918 1431 3989 in
1450 3919 1556 3991 initio
1573 3919 1671 3992 chori
1685 3962 1694 3978 ·

503 4030 600 4104 Item
618 4026 691 4101 duo
709 4027 925 4102 candelabra
940 4052 1058 4102 ennon
1074 4025 1225 4102 honesta
1241 4052 1308 4123 pro
1324 4025 1458 4101 summo
1475 4027 1603 4104 altari·

504 4141 598 4214 ltcm
618 4140 698 4212 lona
714 4161 807 4232 aqua
829 4139 1018 4214 benedidia
1034 4141 1080 4216 ad
1097 4135 1376 4214 ministrandum
1400 4143 1435 4214 in
1461 4143 1572 4216 choro
1598 4144 1789 4216 dominicis

450 4254 598 4328 debus·

502 4365 596 4438 ltsm
617 4363 825 4438 lauacbrum
843 4385 908 4458 pro
934 4363 1206 4439 conl'cruatione
1228 4389 1322 4461 aque
1346 4369 1389 4442 ad
1413 4365 1529 4442 suillas
1553 4368 1785 4444 celebrandus

451 4487 554 4553 iuxta
570 4474 701 4551 ostium
718 4475 867 4572 capituli
885 4477 1102 4552 collocatum
1117 4519 1125 4535 ·
