4526 5954
1053 681 1359 757 REGISTRUM
1726 685 1876 782 [cacum

662 2559 852 2633 Absolutic
871 2557 1012 2653 Papalis
1030 2582 1093 2655 pro
1110 2559 1322 2631 Alexandro
1340 2569 1378 2630 et
1396 2558 1419 2630 J
1423 2560 1560 2632 ohanne
1578 2560 1740 2634 Forbea·

436 2795 440 2804 '
539 2763 755 2858 Venerabili
780 2786 818 2856 in
838 2779 980 2857 Christo
1002 2784 1096 2878 patai
1123 2780 1195 2854 Dei
1218 2785 1335 2878 gratia
1360 2780 1522 2877 episcopo
1536 2781 1787 2858 Abcrdcnenfl
1815 2785 1870 2858 vel

539 2899 595 2971 M.
613 2899 689 2969 eius
705 2899 742 2968 in
758 2893 969 2990 specialibus
986 2895 1117 2966 vicario
1134 2903 1198 2965 aut
1215 2887 1451 2965 commillario
1473 2894 1630 2988 generali
1654 2894 1872 2969 laurentina

537 3007 763 3082 miseratione
785 3003 948 3102 [diuina]
976 3001 1160 3099 episcopua
1183 3001 1382 3076 Prcncstin’
1407 3003 1555 3078 salutem
1579 3017 1620 3080 el
1637 3004 1809 3082 finccram
1834 3011 1869 3080 in

538 3121 695 3194 Domino
705 3118 918 3191 charitatem
933 3115 1011 3189 ·Ex
1024 3127 1127 3210 parto
1137 3115 1340 3188 Alexandri
1353 3112 1505 3188 Forbeff
1511 3129 1550 3190 at
1564 3115 1589 3190 J
1591 3118 1744 3194 ohannis
1759 3123 1868 3193 ctiam

538 3227 689 3304 Forbell
697 3229 843 3325 Georgij
869 3227 974 3300 Collo
991 3251 1033 3301 ao
1049 3227 1197 3324 Georgij
1223 3225 1366 3322 Ogclbe
1392 3251 1459 3300 nac
1483 3250 1552 3302 non
1575 3229 1726 3304 Andrca
1744 3229 1871 3305 Fencr

536 3342 751 3438 complicum
777 3340 948 3413 laicorum
973 3335 1089 3412 vostre
1113 3336 1176 3410 seu
1207 3338 1357 3412 alterius
1384 3335 1530 3414 diocefia
1553 3341 1626 3415 ruit
1649 3337 1869 3438 propofitum
1904 3375 1918 3406 ο

535 3477 654 3526 coram
672 3452 775 3549 nobis
799 3451 895 3546 quod
913 3450 1000 3525 alias
1016 3447 1080 3545 ipll
1098 3447 1265 3545 persuasu
1282 3461 1322 3524 ct
1346 3447 1572 3548 instigatione
1596 3449 1709 3527 hosti·
1730 3456 1869 3550 antiqui

535 3569 677 3664 generis
690 3565 838 3638 humani
857 3573 983 3636 contra
995 3575 1031 3636 ct
1048 3559 1217 3635 aduersus
1235 3561 1441 3636 Martinum
1455 3559 1513 3636 sea
1530 3561 1699 3638 Marcum
1717 3565 1870 3639 Cowttia

535 3675 769 3772 presbiterum
794 3697 923 3748 manua
940 3674 1116 3748 violentas
1129 3685 1267 3746 temere
1292 3676 1495 3748 iniecerunt
1507 3697 1664 3771 eamque
1680 3677 1870 3750 interiace-

535 3801 621 3862 runa
631 3809 760 3884 penam
773 3789 919 3860 canonia
928 3783 974 3860 Si
984 3784 1231 3884 pubsamdmte
1241 3783 1373 3860 diabolo
1386 3787 1587 3882 incipientia
1599 3800 1639 3861 ct
1650 3787 1739 3862 aliaa
1754 3789 1870 3863 eccla·

536 3897 690 3974 liasticaa
702 3894 902 3972 sentenciaa
913 3894 1078 3972 censuras
1090 3907 1129 3970 ct
1142 3919 1252 3994 penas
1265 3899 1376 3972 etiam
1390 3921 1456 3994 por
1466 3899 1700 3993 prouincialca
1715 3910 1755 3974 at
1767 3897 1870 3998 syno-

536 4012 635 4085 dalea
644 4005 919 4083 constitutiones
929 4018 993 4082 aut
1003 4009 1092 4084 aliaa
1102 4008 1189 4081 talia
1198 4006 1807 4105 presumentaalalacdamnabililar
1815 4014 1869 4086 in·

535 4120 710 4197 currendo
721 4119 916 4195 cadomum
927 4117 1219 4195 eacccabonead
1233 4115 1441 4194 instantiam
1453 4119 1869 4218 prcmololial'oaproeu·

535 4227 779 4308 racoriavcstri
789 4229 941 4306 lischalia
950 4229 1106 4306 accusati
1117 4232 1202 4304 dici
1212 4241 1439 4326 exponentes
1449 4227 1772 4326 pccmillasatcntea
1781 4248 1820 4308 ct
1829 4238 1866 4308 in

535 4347 745 4443 probatione
757 4341 819 4417 suc
831 4343 1054 4438 exceptionia
1064 4343 1245 4439 legittime
1254 4337 1471 4416 defensionis
1479 4345 1622 4418 omnino
1635 4341 1869 4421 succumben-

535 4475 592 4530 tec
604 4469 643 4531 ot
654 4455 866 4530 difficiantca
878 4475 943 4550 pcr
951 4475 1015 4526 voa
1027 4454 1173 4527 dominc
1185 4449 1421 4528 commillaria
1430 4475 1556 4550 pamm
1568 4455 1654 4530 disti
1667 4461 1814 4532 canonia
1823 4457 1869 4534 Si

534 4565 779 4667 pacisacdcalc
793 4563 924 4641 diabolo
939 4561 1122 4640 iocarrilse
1135 4578 1175 4640 et
1190 4567 1236 4641 ad
1250 4563 1371 4640 sedam
1383 4562 1609 4662 apostolicam
1625 4590 1669 4642 ac
1681 4569 1868 4646 dominum
