4526 5954
479 699 550 766 220
816 739 819 746 ,
1015 693 1320 767 REGISTRUM
1667 701 1820 796 [socom

479 893 655 965 dioiorum
674 897 887 970 vicariorum
915 888 1066 967 ecclefie
1083 891 1300 966 cathedralis
1318 893 1572 968 Abirdonenfie
1592 920 1691 970 nuno
1715 923 1821 970 oceu-

479 1018 566 1098 pntn
588 1030 652 1102 per
673 1007 861 1082 Andrenm
887 1001 1002 1078 Bisset
1019 1013 1058 1075 et
1083 1001 1261 1076 Thomom
1283 1005 1376 1080 Reid
1395 1009 1431 1079 in
1454 1007 1654 1080 seudifirmn
1676 1011 1713 1081 in
1740 1012 1819 1082 vieo

479 1119 661 1191 furcarum
692 1114 935 1193 Abinionenfi
958 1139 1004 1188 ex
1027 1125 1130 1208 porte
1153 1117 1370 1192 occidentali
1398 1115 1550 1190 eiusdem
1577 1121 1671 1212 opud
1700 1120 1818 1192 locum

480 1230 634 1302 fratrum
651 1233 833 1304 minorum
847 1233 989 1303 iacente
1008 1269 1016 1286 ·

692 1561 992 1630 Anniunnsnnm
1011 1579 1148 1632 mansis
1167 1561 1401 1633 Nounmmus
1419 1581 1615 1632 eunom·

516 1783 742 1854 Duodecimo
755 1781 976 1854 Nouembris
986 1781 1270 1856 anniuersarium
1282 1809 1346 1878 pro
1357 1785 1475 1857 animo
1486 1780 1645 1880 magistri
1659 1783 1818 1856 Lauren·

477 1894 518 1989 tij
540 1893 667 1966 Duoon
697 1917 747 1964 xx
780 1895 809 1966 ἔ.
834 1894 880 1965 do
908 1895 1025 1965 orosto
1054 1894 1141 1966 olim
1167 1895 1346 1968 Johnnnie
1363 1893 1506 1990 Kyntor
1527 1918 1624 1967 nuno
1641 1894 1817 1968 Jolmnnie

477 2007 604 2100 Clleyn
622 2015 661 2076 et
678 2007 805 2077 metris
818 2007 914 2077 eius·
928 2008 989 2098 qui
1008 2006 1100 2099 obiji.
1117 2029 1213 2078 anno
1231 2005 1380 2078 Domini
1395 2025 1703 2080 monconxxvnl.

530 2230 683 2302 Decimo
711 2231 822 2302 tertio
849 2229 1071 2302 Nouembris
1101 2227 1386 2302 anniuersarium
1411 2253 1473 2324 pro
1493 2233 1613 2303 animo
1637 2230 1814 2306 willelmi

479 2343 646 2414 l’ontoun
671 2343 735 2436 xiij
763 2345 792 2415 ἓ.
820 2343 871 2436 iiij
893 2339 929 2414 (i.
947 2343 993 2414 de
1017 2342 1126 2414 cortis
1148 2341 1254 2412 torris
1277 2351 1316 2413 et
1346 2340 1442 2412 mdiu
1464 2343 1500 2412 in
1529 2340 1565 2436 ly
1587 2341 1815 2440 Newburght

477 2477 575 2526 nune
602 2457 788 2548 occupatio
817 2477 882 2548 per
904 2453 1085 2526 Jacobum
1110 2450 1279 2525 Pontoun
1309 2493 1317 2510 ·
1345 2455 1406 2545 qni
1433 2453 1524 2550 obijt
1546 2476 1642 2526 anno
1665 2453 1813 2528 Domini

478 2585 792 2638 mcccc-nxxvni.

528 2675 697 2750 Vnoeom
727 2675 972 2750 anniuersario
991 2673 1151 2773 magistri
1180 2675 1332 2748 Roberti
1352 2674 1461 2769 Wyle
1485 2679 1548 2770 xiij
1573 2681 1602 2748 ὅ.
1624 2677 1675 2770 iiij
1704 2676 1742 2750 ti.
1768 2680 1813 2750 de

475 2787 563 2861 villo
587 2790 633 2860 de
652 2787 790 2882 Pythill
808 2789 845 2860 in
873 2788 1061 2882 parrochia
1076 2788 1123 2862 de
1149 2785 1260 2860 Ellon
1277 2809 1376 2860 nuno
1393 2790 1429 2858 in
1452 2789 1618 2860 monibus
1633 2787 1813 2862 lobannis

477 2898 661 2972 Willeook
682 2939 691 2958 ·
709 2901 769 2994 qui
789 2901 881 2993 obijt
898 2921 995 2972 nnno
1022 2897 1172 2971 Domini
1190 2918 1447 2971 mecenxcm.

526 3009 678 3082 Docimo
704 3023 834 3104 quarto
861 3010 1083 3082 Nouembris
1109 3007 1392 3083 anniuersarium
1417 3033 1477 3105 pro
1506 3014 1626 3084 animo
1654 3012 1809 3110 magistri

473 3121 676 3196 Alexandri
695 3121 848 3218 Symson
867 3122 954 3194 olim
981 3119 1130 3196 reeioris
1147 3121 1193 3192 de
1220 3119 1438 3215 Monymoll
1456 3124 1541 3218 xxvj
1567 3126 1596 3196 fi.
1623 3127 1684 3219 viij
1702 3124 1738 3198 o.
1765 3127 1810 3198 (le

476 3236 573 3309 willo
595 3237 641 3308 do
659 3231 906 3308 Auchinstiuk
933 3235 969 3305 in
998 3234 1164 3305 manibus
1189 3233 1326 3304 domini
1346 3234 1392 3306 de
1409 3234 1588 3308 Strolooht
1614 3240 1701 3330 ·qui
1718 3240 1811 3333 obijt

472 3372 568 3420 anno
589 3347 736 3419 Domini
757 3347 775 3442 [
977 3343 1018 3440 ]·

521 3459 675 3533 Decimo
702 3457 855 3554 septimo
882 3456 1103 3530 Nouembris
1127 3455 1410 3530 anniuersarium
1426 3482 1488 3553 pro
1512 3462 1633 3533 anime
1649 3459 1806 3555 magistri

471 3571 653 3667 ingemmi
667 3569 831 3666 llyndsoy
842 3569 929 3641 olim
941 3567 1095 3664 episcopi
1108 3566 1374 3643 Abirdoneolm
1383 3593 1430 3642 xx
1441 3572 1468 3643 ἒ.
1477 3569 1623 3644 denilln
1633 3573 1678 3645 tle
1688 3571 1809 3646 wast-

469 3685 543 3757 hnll
564 3687 706 3756 incente
723 3687 760 3756 in
779 3683 816 3779 ly
834 3683 989 3777 Goymw
1007 3725 1015 3742 ·
1034 3686 1095 3776 qui
1114 3684 1205 3776 obijt
1223 3702 1296 3754 nn.
1317 3701 1493 3754 πιοῦσαν.
1513 3681 1784 3778 [amitini]

518 3907 707 4009 vigesimo
723 3909 852 4001 quinto
870 3906 1093 3980 Nouembris
1115 3903 1398 3980 anniuersarium
1414 3929 1476 4000 pro
1492 3909 1613 3981 enimn
1628 3908 1712 3981 dini
1731 3931 1806 3982 mo-

468 4023 567 4124 gistri
586 4021 697 4096 Aloni
722 4017 862 4092 Futheo
878 4019 1041 4090 onnonioi
1069 4013 1331 4090 Abirdoneolio
1355 4040 1406 4090 xx
1428 4020 1457 4090 ἔ.
1483 4019 1528 4090 de
1544 4020 1639 4094 dina
1656 4019 1741 4094 villa
1758 4021 1804 4094 de

469 4134 641 4230 Vorlntyll
659 4154 756 4204 nono
775 4131 812 4204 in
830 4129 997 4203 monibus
1015 4127 1195 4202 Willelmi
1215 4123 1369 4223 Lellyo·
