4526 5954
443 735 552 831 aar]
920 737 1325 814 aannnounnsn.
1719 740 1785 811 aar

442 935 489 1006 da
505 935 759 1012 inobedientia
770 939 985 1034 reprehendi
998 964 1084 1038 ymo
1100 942 1222 1034 potius
1236 941 1282 1010 de
1294 937 1505 1008 obediencia
1522 939 1787 1009 commendari·

443 1044 582 1120 Datum
600 1047 718 1126 Rome
736 1053 832 1148 apud
851 1051 1025 1126 Sandtum
1043 1053 1196 1124 Petrum
1213 1048 1315 1122 sexto
1334 1045 1421 1118 Idus
1435 1045 1647 1119 Decembris
1664 1051 1785 1140 ponti·

442 1158 571 1235 iicatus
587 1160 699 1237 nostri
716 1188 813 1239 auno
831 1166 948 1260 primo
967 1202 975 1218 ·

442 1496 551 1572 Bulla
566 1500 721 1573 fratrum
737 1495 925 1591 hospitalis
943 1491 1222 1566 lerosolimitani
1239 1495 1334 1588 quod
1353 1518 1424 1566 non
1441 1494 1549 1568 liceat
1565 1518 1785 1591 quemquam

441 1607 533 1704 ipsos
550 1609 743 1685 molestare
760 1607 820 1680 vel
837 1603 1120 1678 iurisdictionem
1138 1607 1175 1677 in
1194 1629 1256 1680 eos
1273 1630 1442 1682 exercere
1460 1647 1469 1666 ·

443 1807 693 1910 innocencius
717 1828 842 1902 semus
860 1825 1046 1900 seruorum
1074 1825 1145 1900 Dei
1164 1832 1427 1906 venerabilibus
1451 1834 1622 1906 iratribus
1647 1834 1786 1908 ambie-

439 1945 592 2043 piscopis
618 1955 658 2018 et
683 1939 859 2038 episcopis
884 1949 924 2014 et
949 1940 1091 2012 dilectis
1125 1941 1211 2037 iilijs
1234 1946 1491 2019 archidiaconis
1515 1947 1561 2020 ad
1586 1969 1678 2041 quos
1704 1971 1786 2043 pre-

439 2057 558 2132 sentes
584 2057 691 2129 litere
713 2054 949 2149 perueneriut
972 2049 1126 2125 salutem
1151 2063 1190 2126 et
1214 2053 1443 2151 apostolicam
1467 2059 1782 2132 benedittionem·
1816 2089 1819 2096 ·

438 2171 534 2244 Cum
559 2168 682 2240 dilesti
700 2166 766 2260 iilij
794 2167 924 2237 fratres
949 2160 1229 2239 Ierosolimitani
1255 2166 1438 2264 hospitalis
1455 2171 1598 2244 nullum
1624 2172 1784 2245 habeant

438 2279 641 2378 episcopum
671 2277 730 2352 vol
757 2277 938 2372 prelatum
964 2285 1088 2370 preter
1112 2272 1317 2352 Romanum
1345 2284 1552 2376 pontificem
1578 2293 1618 2356 et
1638 2280 1783 2378 speciali

437 2394 667 2490 prerogatiua
678 2391 863 2487 gaudeant
876 2389 1047 2460 libertate
1063 2409 1128 2461 vos
1146 2413 1220 2462 non
1237 2391 1342 2465 decet
1359 2395 1395 2465 in
1409 2417 1470 2466 eos
1487 2395 1544 2467 vei
1556 2394 1706 2468 clericos
1719 2405 1783 2468 aut

437 2500 605 2580 ecclosias
634 2525 759 2576 eorum
786 2503 824 2574 in
851 2501 982 2594 quibus
1007 2496 1227 2593 potestatem
1252 2500 1523 2578 ecolefiasticam
1549 2529 1623 2578 non
1641 2507 1783 2580 habetis

436 2615 570 2712 absque
595 2615 769 2688 mandato
796 2609 917 2686 nostro
942 2613 1330 2686 excommunicationis
1351 2614 1408 2686 vel
1434 2617 1613 2689 interdidti
1641 2615 1784 2690 senten·

436 2732 526 2803 tiam
540 2728 770 2824 promulgare
782 2766 791 2785 ·
803 2724 864 2799 sed
875 2721 902 2796 fi
913 2724 1058 2817 quando
1070 2745 1134 2795 ros
1149 2723 1206 2796 vel
1217 2723 1376 2797 subditos
1390 2721 1521 2799 uestros
1531 2729 1641 2821 ijdem
1655 2731 1783 2802 fratrea

436 2840 569 2915 iniuste
586 2839 822 2938 grauauerint
838 2861 904 2933 per
917 2858 980 2908 vos
992 2846 1059 2908 aut
1075 2838 1229 2910 nuncios
1241 2833 1375 2911 vestros
1387 2839 1431 2910 ad
1445 2836 1650 2912 Romanum
1663 2844 1784 2937 ponti-

436 2950 1023 3051 licemfigniiicaredebetisacper
1033 2946 1203 3043 ipsumde
1212 2950 1594 3025 memoratisfrntribus
1604 2947 1781 3026 iusticiam

436 3070 601 3164 optinere
619 3107 628 3124 ·
643 3065 738 3137 Inde
755 3060 810 3136 est
829 3059 965 3160 [quod]
986 3058 1212 3134 vniuerfitati
1231 3058 1346 3135 vestre
1361 3085 1425 3158 per
1440 3059 1636 3157 apostolica
1652 3063 1784 3160 scripta

435 3179 667 3276 precipiendo
677 3177 894 3250 mandamns
906 3175 1080 3268 quatinus
1090 3176 1129 3246 in
1146 3175 1324 3269 predittos
1340 3175 1467 3248 iratres
1480 3173 1540 3248 seu
1554 3174 1705 3250 clericos
1717 3189 1782 3250 aut

434 3297 470 3366 in
494 3288 664 3366 ecolefias
680 3281 807 3363 eorum
825 3291 863 3361 in
889 3287 1021 3382 quibus
1038 3287 1292 3359 auctoritatem
1317 3308 1540 3380 nequaquam
1558 3288 1701 3362 habetis
1718 3313 1782 3362 ex·

433 3403 774 3480 communicationis
791 3401 850 3473 vei
876 3395 1299 3472 interdictisententiam
1322 3398 1548 3495 promulgare
1570 3400 1780 3474 nullatenus

434 3517 647 3615 presumatis
664 3538 733 3588 nec
749 3535 813 3585 eos
830 3512 901 3585 alia
923 3511 1088 3583 indebita
1104 3511 1299 3584 vexatione
1322 3511 1480 3605 grauetis
1497 3509 1557 3584 sed
1583 3535 1670 3608 erga
1686 3499 1780 3612 ipsos

433 3630 559 3703 taliter
574 3650 639 3701 vos
656 3626 821 3699 babeatis
839 3623 935 3717 quod
954 3645 1027 3694 uon
1046 3622 1206 3695 habeant
1222 3619 1391 3695 aduersm
1409 3645 1471 3696 roa
1486 3627 1675 3698 materiam
1694 3647 1780 3698 con·

432 3740 670 3836 querelandi·
689 3735 813 3810 scituri
831 3735 927 3829 quod
948 3730 973 3806 fi
992 3733 1206 3807 mandatum
1223 3730 1383 3807 nostrum
1400 3733 1631 3809 neclexeritis
1656 3740 1692 3810 iu
1712 3738 1780 3811 bac.

432 3863 536 3948 parte
546 3851 735 3923 dimittere
745 3870 819 3920 nnn
830 3847 1032 3941 poterimus
1042 3847 1131 3939 quin
1145 3844 1278 3920 eisdem
1289 3845 1458 3920 iratribus
1471 3849 1507 3919 iu
1521 3845 1584 3922 sua
1599 3845 1739 3923 iusticia
1752 3851 1778 3922 ii

432 3966 478 4038 ad
501 3985 568 4036 nos
590 3960 776 4057 querelam
807 3959 955 4031 interim
980 3954 1214 4053 deposuerint
1238 3957 1430 4031 efficaciter
1461 3961 1650 4054 prouidere
1677 3987 1780 4035 cure-

432 4099 514 4150 mus
530 4113 539 4132 ·
557 4073 697 4147 Datum
729 4071 900 4168 Lugduni
923 4092 1020 4141 nouo
1046 4067 1272 4165 Septembris
1297 4071 1527 4164 pontificatus
1552 4070 1662 4146 nostri
1680 4098 1777 4147 anno

432 4190 535 4262 sexto
550 4230 558 4247 ·
