4526 5954
485 683 556 755 ero
959 669 1312 751 bremensem
1673 684 1823 781 [secun

486 874 696 956 omnimoda
705 877 914 972 operatione
935 917 945 936 ·
972 873 1025 948 Et
1040 873 1275 968 prohibemus
1291 894 1340 946 ne
1356 870 1453 946 bosci
1469 895 1593 950 eorum
1606 879 1655 952 cd
1670 883 1827 976 predista

488 1007 594 1080 opere
610 987 667 1060 vel
692 989 739 1060 cd
752 987 876 1082 aliqua
899 987 971 1062 alia
994 984 1070 1058 vllo
1088 983 1197 1055 modo
1223 984 1416 1077 capiantur
1439 995 1480 1059 et
1494 980 1658 1060 similiter
1680 993 1825 1068 bladum

487 1121 611 1172 eorum
626 1099 685 1174 vel
700 1100 891 1172 bominum
902 1096 1052 1172 snorum
1070 1095 1129 1168 vel
1146 1092 1285 1187 aliquid
1298 1094 1345 1167 de
1360 1097 1469 1170 rebus
1483 1093 1555 1170 suis
1570 1096 1630 1172 vel
1641 1099 1826 1180 bominum

488 1208 629 1284 suorum
641 1213 687 1284 ad
700 1208 847 1286 castella
854 1208 1054 1285 munienda
1063 1229 1138 1279 non
1149 1205 1340 1300 capiantur
1349 1206 1547 1282 ·Volumus
1556 1211 1667 1284 etiarn
1680 1216 1773 1304 quod
1784 1215 1827 1288 li·

487 1323 573 1396 bere
598 1332 637 1396 et
664 1320 884 1396 sufficienter
910 1319 988 1394 sune
1013 1317 1179 1415 qualibet
1205 1315 1392 1395 occasione
1421 1320 1566 1413 capiant
1589 1321 1636 1394 de
1661 1325 1825 1400 omnibus

488 1433 601 1509 boscis
618 1436 664 1508 ad
674 1431 775 1506 vsum
789 1434 965 1506 domuum
978 1429 1124 1504 suarum
1134 1439 1174 1500 et
1183 1428 1374 1503 bominum
1384 1428 1528 1503 suorum
1539 1441 1715 1525 qnantum
1726 1434 1825 1508 volu-

489 1549 584 1619 eriut
602 1569 671 1619 nec
695 1533 843 1640 propter
857 1544 928 1616 boc
953 1544 992 1615 in
1010 1537 1189 1615 forisfacto
1206 1540 1264 1612 vel
1291 1543 1331 1614 in
1355 1539 1595 1616 misericordia
1617 1556 1823 1638 ponantur·

490 1653 599 1753 [Per]
626 1677 751 1728 omnes
774 1676 924 1749 quoque
948 1661 1065 1726 terras
1091 1649 1171 1724 suas
1188 1647 1318 1726 essarta
1340 1651 1403 1728 sua
1418 1663 1458 1726 et
1473 1652 1660 1727 bominum
1683 1653 1824 1730 suorum

486 1771 557 1842 iam
572 1767 847 1857 suetaequora
859 1759 1043 1858 posterum
1056 1764 1149 1835 sient
1161 1765 1214 1837 eis
1227 1765 1484 1861 inperpetuum
1493 1765 1618 1859 quiete
1630 1763 1824 1840 clamamus

486 1881 533 1952 de
553 1874 631 1949 visu
654 1871 920 1948 forestariorum
937 1884 979 1948 et
1004 1875 1051 1948 de
1076 1875 1246 1948 omuibus
1270 1874 1351 1970 alijs
1375 1873 1711 1952 consuetudinibus·
1731 1877 1825 1952 Con·

485 1991 644 2064 cedimus
666 1984 811 2082 insuper
837 1982 972 2060 eisdem
997 1987 1171 2060 fratribus
1196 1998 1236 2061 et
1252 1987 1459 2062 bominibus
1474 1986 1546 2064 suis
1561 1989 1659 2085 quod
1679 1990 1726 2064 de
1749 2014 1825 2065 om·

483 2102 589 2174 uibus
614 2097 728 2174 boscis
752 2121 843 2193 quos
868 2098 1007 2171 babent
1032 2101 1071 2171 in
1096 2096 1257 2195 presenti
1282 2099 1378 2174 infra
1401 2110 1518 2175 metes
1541 2097 1671 2178 foreste
1694 2099 1824 2199 poffint

483 2209 649 2287 essartare
666 2220 706 2284 et
722 2209 841 2284 colere
857 2204 933 2283 fine
959 2209 1108 2284 licentia
1124 2206 1247 2284 nostra
1266 2209 1327 2286 vel
1348 2211 1536 2286 bominum
1551 2207 1750 2289 nostrorum
1767 2215 1822 2290 vel

484 2324 700 2397 balliuorum
716 2318 919 2396 nostrorum
935 2323 991 2396 ita
1013 2323 1111 2417 qued
1128 2323 1215 2396 inde
1230 2323 1271 2396 iu
1286 2322 1391 2396 nullo
1406 2323 1543 2398 anobis
1559 2324 1619 2400 vei
1634 2325 1824 2402 heredibus

483 2433 612 2510 nostris
637 2434 696 2509 vel
720 2437 759 2508 in
784 2444 1004 2532 perpetuum
1029 2429 1306 2508 occasionantur
1328 2478 1338 2496 ·
1363 2433 1586 2530 Precipimus
1602 2438 1712 2512 etism
1728 2441 1823 2535 quod

485 2542 548 2643 ipsr
564 2548 694 2620 sratree
705 2545 835 2640 templi
846 2552 887 2619 et
898 2545 1066 2620 homiues
1082 2542 1136 2619 sui
1147 2545 1253 2620 liberi
1271 2539 1344 2619 sint
1360 2555 1400 2620 et
1415 2547 1530 2641 quieti
1544 2546 1592 2621 ab
1608 2551 1707 2622 omni
1723 2551 1824 2626 theo-

484 2659 591 2732 loueo
603 2660 642 2733 in
659 2659 756 2731 omui
770 2658 848 2731 soro
864 2669 906 2732 et
920 2658 960 2730 in
976 2658 1146 2731 omnibus
1162 2658 1336 2731 nundinis
1348 2667 1388 2732 et
1403 2659 1443 2732 in
1458 2659 1557 2732 omni
1569 2656 1721 2734 traufitu
1738 2687 1825 2758 pon·

482 2773 723 2844 tiumviarum
738 2779 779 2842 et
793 2770 904 2844 maris
918 2776 1119 2866 pertotum
1135 2793 1290 2866 reguum
1307 2766 1469 2842 nostrum
1480 2779 1521 2844 et
1534 2791 1737 2866 peromnes
1752 2785 1824 2848 ter-

482 2905 540 2956 ras
556 2878 693 2956 nostras
709 2889 749 2954 et
764 2881 887 2954 omnia
904 2887 1067 2956 mercata
1082 2877 1147 2952 sua
1163 2890 1204 2952 et
1215 2879 1406 2952 bominum
1416 2876 1559 2954 suorum
1576 2875 1646 2956 sint
1662 2878 1824 2962 similiter

483 2997 521 3066 in
537 2993 705 3089 predicis
721 2991 810 3066 locis
824 2991 873 3066 ab
889 2995 990 3067 omni
1007 2992 1204 3066 theoloneo
1216 2992 1365 3087 quieta·
1379 2989 1621 3066 concedimus
1636 2997 1747 3070 etiam
1769 3001 1822 3072 eis

483 3115 523 3178 et
534 3105 785 3178 confirmamus
796 3102 895 3199 quod
911 3098 1083 3198 fialiquie
1098 3101 1289 3174 bominum
1304 3097 1450 3176 suorum
1467 3125 1530 3198 pro
1546 3103 1677 3180 delibo
1693 3105 1755 3182 suo
1771 3111 1823 3182 vi·

484 3231 560 3290 tam
570 3215 628 3290 vel
645 3215 809 3289 membra
824 3216 997 3289 amittere
1014 3213 1149 3287 debeat
1162 3211 1221 3286 vel
1239 3212 1336 3310 fugit
1347 3223 1387 3286 et
1403 3215 1442 3287 in
1457 3214 1589 3289 iudicio
1611 3213 1704 3292 stare
1719 3219 1823 3294 nolu·

483 3330 553 3402 erit
578 3326 635 3401 vel
652 3326 750 3401 uliud
775 3323 950 3400 delidum
974 3326 1105 3400 fecerit
1120 3347 1186 3419 pro
1204 3346 1277 3419 quo
1293 3324 1427 3400 debeet
1442 3325 1574 3402 catalla
1596 3325 1660 3402 sua
1674 3333 1822 3426 perdere

483 3440 686 3534 rbicunque
703 3434 844 3513 iusticia
859 3438 936 3510 fieri
954 3436 1088 3510 debeat
1105 3433 1180 3511 srue
1193 3438 1233 3509 in
1250 3437 1351 3510 curie
1363 3433 1483 3511 nostra
1497 3433 1573 3512 srue
1588 3441 1627 3514 iu
1642 3441 1714 3516 clia
1724 3449 1821 3520 curia

482 3551 557 3648 ipsa
571 3550 705 3625 catalla
719 3546 790 3624 smt
806 3549 1051 3646 predictorum
1068 3550 1222 3622 sratrum
1241 3587 1251 3606 ·
1275 3546 1328 3620 Et
1345 3547 1454 3622 liceat
1468 3545 1552 3644 ipfir
1562 3551 1732 3628 iratribus
1747 3551 1820 3632 fine

482 3661 741 3738 disturbatione
765 3661 1023 3736 vicecomitum
1052 3671 1093 3734 ct
1123 3663 1287 3734 omnium
1312 3659 1528 3735 bellicorum
1552 3658 1753 3740 nostrorum
1781 3681 1820 3743 et

480 3773 632 3850 aliorum
647 3797 782 3870 ponere
798 3771 836 3848 se
852 3775 892 3846 in
907 3768 1083 3870 saysrnsrn
1100 3773 1147 3846 de
1162 3769 1336 3870 predictis
1347 3771 1487 3847 catellis
1502 3775 1541 3846 iu
1556 3775 1724 3869 prodistis
1735 3775 1820 3856 αὴ.

480 3887 597 3961 buret
607 3883 689 3984 clijs
700 3885 845 3981 quando
862 3883 991 3958 bellini
1004 3880 1116 3960 nostri
1134 3880 1162 3958 su
1177 3885 1226 3958 cd
1238 3906 1306 3957 nos
1322 3885 1546 3979 pertinerent
1560 3886 1692 3964 unua
1706 3889 1771 3965 illa
1781 3894 1819 3965 iu

480 4020 590 4070 manu
615 3991 736 4070 nostra
754 4017 799 4069 ec
821 3989 951 4091 saysrre
973 3991 1110 4090 poflint
1125 4005 1167 4070 et
1183 3995 1342 4070 debent·
1358 3993 1410 4068 Et
1427 3990 1454 4067 fi
1470 3994 1599 4093 aliquis
1614 4003 1817 4076 tenentium

479 4109 718 4204 predidtorum
727 4105 881 4180 fratrum
898 4105 1049 4180 feodum
1064 4104 1169 4181 suum
1191 4105 1404 4182 soriffecerit
1420 4107 1528 4182 lioect
1541 4105 1627 4207 ipfir
1649 4112 1818 4190 bembus

480 4243 613 4318 ponere
623 4213 891 4314 seiusaydnam
903 4217 950 4292 de
959 4215 1038 4314 ipso
1048 4217 1155 4292 feodo
1165 4213 1333 4315 etipsum
1342 4218 1578 4296 feodumoum
1588 4225 1818 4324 pertinenciis

480 4329 550 4406 suis
564 4327 760 4428 possidere·
783 4350 858 4403 non
869 4323 1039 4404 obstante
1055 4351 1100 4404 eo
1119 4329 1218 4426 quod
1229 4351 1298 4406 nos
1309 4327 1560 4408 cousuenimm
1576 4333 1681 4410 seoda
1696 4337 1817 4436 sugiti-

481 4465 609 4518 uorum
626 4453 665 4518 et
682 4441 958 4537 dampnatorum
973 4463 1042 4538 per
1057 4463 1170 4516 vuum
1186 4465 1325 4518 mnam
1338 4453 1378 4518 et
1388 4465 1498 4518 vnum
1510 4445 1607 4520 diem
1623 4441 1816 4544 possidere·
