4612 5964
508 652 609 748 xva]
975 657 1382 733 ABERDONENSE.
1787 655 1853 720 121

506 846 654 924 ecclelia
672 853 801 928 habeat
820 859 909 930 duas
926 859 1095 932 candelas
1112 881 1235 931 cereas
1255 851 1423 928 honestes
1440 854 1485 925 ad
1504 853 1702 922 matutinas
1721 860 1760 919 et
1779 846 1855 917 ves-

507 987 610 1055 peras
627 968 792 1042 omnibus
810 971 938 1044 diebus
955 968 1177 1043 solemnibus
1195 1011 1205 1038 ς

507 1186 604 1262 Item
622 1193 667 1263 ad
686 1194 904 1266 obniandum
923 1189 1184 1268 controuersias
1208 1216 1279 1284 que
1305 1193 1389 1263 oriri
1411 1191 1550 1263 soleant
1574 1195 1668 1263 circa
1685 1184 1854 1261 distribu-

507 1303 643 1375 tionem
672 1329 864 1400 capparum
890 1309 928 1378 in
954 1299 1235 1400 processionibus
1252 1303 1470 1375 solemnibus
1489 1301 1616 1375 statuit
1634 1305 1730 1373 idem
1750 1321 1854 1370 reue-

507 1417 639 1488 rendus
665 1437 767 1512 pater
784 1421 829 1490 de
847 1415 1019 1490 consensu
1047 1416 1131 1486 ditti
1161 1411 1212 1485 sui
1230 1415 1389 1508 ‘capituli
1416 1416 1514 1507 quod
1542 1415 1713 1506 deinceps
1739 1433 1853 1504 cappe

505 1531 618 1625 magis
636 1527 792 1624 preciose
810 1527 1071 1601 distribuantur
1087 1529 1271 1598 cononicis
1294 1524 1492 1599 senioribus
1510 1525 1706 1598 l'eermdum
1726 1545 1851 1594 eorum

504 1642 649 1713 ordines
674 1652 713 1714 et
738 1642 933 1736 dignitates
960 1634 1025 1709 nisi
1051 1638 1182 1731 aliquis
1208 1642 1402 1710 eanonicus
1430 1638 1500 1711 suis
1525 1638 1729 1732 sumptibus
1754 1657 1853 1706 com-

504 1756 686 1846 putauerit
702 1775 852 1847 cappam
870 1775 942 1844 quo
960 1749 1041 1822 casu
1060 1761 1186 1822 vtetur
1203 1750 1266 1822 ille
1283 1753 1477 1823 canonicus
1494 1763 1558 1822 aut
1575 1749 1659 1820 suns
1677 1743 1853 1826 successor

505 1861 707 1938 huiusmodi
725 1887 838 1957 eappa
855 1860 880 1934 si
899 1860 1044 1956 presens
1061 1864 1173 1936 suerit
1190 1873 1229 1936 et
1247 1865 1374 1935 eadem
1394 1866 1446 1933 vti
1464 1863 1620 1934 voluerit
1639 1907 1646 1921 ·

504 2087 600 2160 ltenr
618 2087 714 2181 quod
731 2084 835 2179 super
861 2083 1108 2159 excrescentia
1134 2097 1172 2158 et
1199 2085 1294 2160 reste
1322 2085 1507 2161 stallorum
1533 2100 1571 2159 et
1601 2087 1787 2159 facultatis
1814 2088 1851 2157 in

502 2221 798 2291 quorumeunque
817 2200 982 2270 inertibus
1000 2195 1070 2272 smt
1094 2201 1317 2293 recipiantur
1332 2223 1397 2294 per
1414 2201 1504 2272 duos
1521 2202 1713 2273 canonicos
1732 2195 1853 2294 singu-

503 2311 547 2382 lis
565 2313 668 2382 annis
686 2333 749 2404 per
774 2306 1015 2403 presidentem
1044 2322 1083 2382 ct
1111 2310 1313 2405 capitulum
1341 2312 1528 2407 eligendos
1545 2313 1581 2382 in
1600 2310 1661 2384 suo
1688 2307 1851 2407 capitulo

501 2422 661 2519 generali
696 2423 790 2514 qnod
826 2423 920 2518 qrcost
955 2423 1054 2496 rraodo
1083 2424 1218 2495 dieitur
1248 2427 1309 2517 qui
1336 2427 1502 2496 exattam
1528 2424 1758 2518 diligentiam
1785 2447 1851 2516 pro

502 2531 596 2608 resta
612 2535 707 2606 ditte
725 2533 908 2606 facultatis
925 2535 1154 2627 importando
1172 2535 1308 2606 saciant
1326 2545 1363 2608 et
1382 2537 1559 2606 rationem
1577 2546 1615 2605 et
1634 2546 1850 2630 computum

503 2649 548 2719 de
574 2649 729 2742 receptis
755 2649 791 2718 in
819 2648 916 2718 dieto
942 2646 1103 2740 capitulo
1126 2647 1281 2719 reddant
1308 2688 1315 2704 ·
1343 2658 1381 2718 et
1409 2671 1472 2742 pro
1498 2671 1592 2718 anno
1620 2644 1768 2718 instanti
1787 2646 1852 2716 cli-

500 2770 639 2856 guntur
656 2759 880 2832 venerabiles
897 2761 962 2830 viri
982 2756 1140 2854 magistri
1166 2758 1190 2829 J
1193 2759 1326 2831 acobus
1345 2757 1514 2832 Wauane
1532 2757 1650 2832 reem
1667 2759 1713 2830 dc
1732 2756 1850 2831 Onne

502 2880 539 2944 et
559 2868 727 2965 magister
745 2871 955 2944 Alexander
975 2871 1058 2966 Kyd
1083 2869 1299 2944 succentor·

502 3094 598 3167 Item
618 3095 713 3188 quod
732 3098 960 3188 cymiterium
979 3119 1026 3168 ex
1044 3106 1148 3190 parto
1166 3093 1312 3170 australi
1331 3120 1352 3168 a
1370 3096 1505 3190 palatio
1523 3097 1657 3166 domini
1678 3097 1714 3167 in
1734 3120 1849 3189 quan-

499 3219 578 3280 tum
598 3231 669 3278 non
688 3204 907 3278 construitur
926 3204 1095 3300 usquead
1114 3205 1238 3278 stilum
1264 3206 1450 3302 publicum
1469 3203 1696 3279 construatur
1714 3210 1750 3278 in
1769 3207 1850 3280 loeo

499 3344 570 3414 quo
588 3343 683 3392 nunc
703 3316 861 3414 signatur
879 3343 1033 3391 unacum
1052 3320 1175 3414 platea
1190 3320 1310 3393 eidem
1329 3321 1519 3392 adiacente
1537 3319 1739 3413 sumptibus
1753 3323 1850 3414 eapi-

500 3433 568 3504 tuli
595 3473 603 3488 ·
630 3443 668 3503 et
695 3431 762 3502 hoc
790 3428 911 3502 statim
937 3433 1142 3524 incipiendo
1170 3435 1207 3504 in
1229 3430 1387 3506 secunda
1412 3434 1500 3504 seria
1526 3430 1604 3526 post
1623 3434 1847 3505 dominicum

501 3545 675 3616 trinitatis
694 3545 897 3637 proximum
917 3585 925 3600 ·

913 3767 1154 3844 Wunmnus
1181 3789 1384 3844 anscerus
1408 3769 1711 3842 Auenaonsnsrs
1737 3766 1796 3841 ss·
