4526 5954
442 700 542 794 xre]
914 704 1322 780 Asunnorsussn
1674 671 1676 677 '
1723 713 1791 780 cer

440 895 571 994 possint
588 924 647 974 me
664 902 711 977 dc
728 905 787 976 die
805 906 843 976 in
867 908 963 979 diem
981 915 1019 978 et
1037 907 1190 978 heredes
1216 927 1316 976 meos
1344 905 1660 974 excommunicare
1679 902 1705 976 si
1723 931 1791 1002 ego

439 1011 495 1082 vel
513 1012 663 1089 heredes
675 1019 746 1090 mei
761 1018 857 1112 quod
870 1015 962 1092 abfit
976 1031 1104 1091 contra
1118 1019 1212 1087 hunc
1225 1015 1460 1085 donationem
1473 1023 1511 1084 et
1526 1010 1790 1090 concessionem

436 1145 555 1196 mecm
574 1129 694 1204 venire
711 1126 786 1203 siue
804 1140 931 1203 contra
949 1132 1069 1201 dicere
1080 1121 1419 1221 presumpserimus·
1434 1120 1585 1216 Insuper
1603 1121 1629 1193 si
1647 1128 1790 1198 contin-

435 1244 499 1331 get
526 1260 585 1310 me
613 1240 670 1314 vel
698 1242 856 1336 aliquem
883 1241 1058 1312 heredum
1088 1258 1253 1308 meorum
1277 1243 1405 1305 contre
1430 1235 1525 1306 hunc
1552 1237 1787 1309 donationem

435 1371 553 1423 mecm
579 1354 618 1425 in
643 1354 764 1448 aliquo
782 1353 1037 1427 contrauenirc
1065 1346 1125 1418 vel
1153 1347 1402 1418 contradicere
1420 1350 1516 1440 quod
1534 1343 1627 1419 absit
1644 1347 1728 1420 volo
1748 1362 1788 1422 et

308 1515 312 1526 .
434 1465 592 1536 concedo
619 1468 715 1558 quod
738 1466 907 1536 dominus
934 1483 1027 1553 papa
1056 1458 1114 1530 vel
1139 1455 1240 1528 sedes
1265 1454 1459 1552 apostolica
1486 1454 1715 1532 srvucauerit
1740 1463 1787 1534 de

293 1567 297 1574 ’
345 1653 346 1658 η
435 1577 601 1650 omuibus
634 1578 714 1672 ulijs
744 1578 851 1648 terris
879 1575 970 1643 meis
1005 1567 1190 1662 acquisitis
1225 1592 1337 1663 penes
1365 1569 1535 1642 heredem
1570 1593 1691 1642 meum
1728 1573 1786 1645 vei

433 1686 584 1762 heredes
607 1711 708 1760 meos
731 1684 1005 1759 remanentibus
1032 1677 1140 1774 possit
1163 1681 1222 1754 vel
1250 1677 1383 1776 possint
1408 1705 1473 1775 pro
1500 1679 1562 1754 sue
1586 1681 1786 1756 voluntatis

433 1799 581 1871 arbitrio
598 1800 711 1871 libere
728 1795 914 1890 disponere
931 1795 969 1864 in
986 1788 1183 1864 subsidium
1202 1805 1299 1866 terre
1320 1791 1440 1867 senec
1457 1796 1704 1868 conuertendo
1722 1795 1784 1868 seu

433 1914 649 2004 pauperibus
660 1907 860 2002 erogando·
875 1904 1048 1977 Preterea
1060 1904 1183 2000 obligo
1193 1928 1253 1976 me
1267 1913 1306 1976 et
1323 1906 1473 1977 heredes
1487 1929 1588 1980 meos
1601 1909 1637 1978 in
1650 1931 1783 2002 penum

431 2033 579 2095 centum
589 2042 790 2094 marcarum
798 2014 1190 2112 sterlingorumsabrice
1201 2012 1352 2089 ecclesie
1362 2017 1471 2090 beate
1482 2017 1527 2088 M
1528 2019 1602 2091 arie
1613 2020 1785 2092 deAber·

432 2133 499 2206 den
514 2124 871 2227 persoluendcrumsi
889 2129 1082 2223 contigerit
1100 2151 1160 2201 me
1180 2128 1239 2200 vel
1259 2126 1352 2222 ipsos
1371 2128 1428 2200 vel
1451 2128 1609 2222 uliquem
1632 2153 1697 2224 per
1718 2154 1785 2204 nos

432 2243 489 2316 vel
506 2265 570 2337 pro
587 2241 691 2312 nobis
709 2251 873 2312 tenorem
890 2237 1066 2334 presentis
1079 2238 1202 2334 scripti
1220 2241 1258 2311 in
1275 2239 1395 2333 uliquc
1409 2241 1563 2313 articulo
1577 2245 1673 2335 quod
1692 2240 1785 2315 ubsrt

431 2355 625 2448 infringere
642 2391 651 2410 ·
669 2353 722 2423 ita
738 2351 834 2444 quod
852 2353 968 2423 distus
986 2351 1154 2423 dominus
1171 2348 1359 2445 episcopus
1384 2352 1442 2424 vel
1460 2351 1512 2424 sui
1530 2355 1700 2448 ordinarij
1719 2358 1781 2450 qui

429 2487 494 2559 pro
521 2473 685 2558 tempore
707 2463 845 2536 suerint
873 2473 948 2534 tem
976 2485 1035 2536 me
1063 2484 1174 2556 quam
1201 2462 1353 2534 heredes
1378 2485 1479 2535 meos
1499 2464 1545 2536 ud
1564 2461 1782 2539 solutionem

430 2572 526 2648 diste
547 2595 643 2668 pene
669 2595 777 2666 quam
795 2573 842 2645 ud
860 2572 982 2645 omnin
1006 2573 1077 2647 alie
1102 2575 1141 2646 in
1167 2574 1237 2646 hoc
1262 2571 1395 2669 scripto
1422 2585 1597 2648 contenta
1625 2576 1784 2650 fideliter

429 2685 652 2758 obseruanda
669 2685 769 2758 licite
786 2680 891 2779 possit
909 2685 967 2758 vel
985 2682 1118 2780 possrnt
1127 2685 1347 2779 compellere
1364 2695 1403 2758 et
1422 2687 1613 2758 cohercere
1626 2725 1635 2744 ·
1649 2711 1782 2760 renun-

429 2797 556 2872 ciendo
574 2799 613 2868 in
630 2799 697 2869 huc
714 2807 819 2892 pnrte
836 2820 900 2892 pro
917 2821 978 2870 me
994 2809 1034 2870 et
1051 2799 1245 2872 heredibus
1261 2799 1353 2870 meis
1370 2798 1539 2870 omnibus
1556 2802 1783 2894 exceptioni-

429 2910 496 2980 bus
512 2908 804 2982 cauillatiouibus
818 2910 924 3005 regijs
937 2909 1242 3004 prohibitionibus
1259 2918 1298 2982 et
1314 2905 1505 3006 cuiussibet
1519 2911 1606 2981 iuris
1620 2913 1780 2984 remedio

428 3021 591 3094 canonici
609 3031 647 3093 et
664 3021 783 3094 ciuilis
809 3021 904 3114 quod
923 3022 1027 3093 nobis
1044 3033 1172 3094 contre
1189 3023 1254 3094 hus
1280 3022 1403 3094 literne
1426 3023 1562 3116 poterit
1580 3022 1701 3095 volere
1719 3022 1781 3097 seu

428 3144 634 3228 competere
663 3133 709 3206 ad
737 3129 981 3207 defensionem
1011 3175 1021 3192 ·
1050 3133 1094 3204 In
1127 3136 1232 3208 euius
1260 3135 1313 3206 rei
1343 3130 1592 3206 testimonium
1622 3129 1778 3230 sigillum

430 3267 550 3316 meum
568 3267 639 3317 vna
655 3268 739 3316 cum
757 3239 873 3340 sigillo
890 3243 987 3319 diste
1005 3244 1145 3340 Sybille
1164 3241 1289 3340 sponse
1305 3268 1387 3318 mee
1404 3256 1444 3318 et
1466 3268 1550 3318 cum
1570 3242 1685 3341 sigillo
1703 3249 1780 3320 offi-

428 3356 598 3429 cialitatis
632 3352 902 3429 Aberdonensis
926 3368 966 3429 et
990 3353 1108 3452 sigillo
1139 3353 1348 3451 thesnurnrij
1379 3353 1529 3429 ecclesie
1559 3358 1778 3431 cathedralis

428 3465 696 3540 Aberdcnensis
709 3479 749 3540 et
765 3463 880 3564 sigillo
898 3471 1034 3541 domini
1052 3469 1077 3542 J
1079 3469 1234 3542 ohannis
1251 3469 1298 3540 de
1313 3469 1449 3540 Anund
1468 3472 1635 3563 perpetui
1655 3473 1776 3564 vicarij

427 3581 473 3654 de
496 3579 604 3676 Obyn
631 3581 813 3675 quondam
841 3581 1018 3675 capellani
1048 3581 1186 3654 domini
1210 3582 1305 3676 regis
1330 3577 1555 3674 presentibus
1572 3578 1626 3654 est
1643 3606 1779 3677 appen-

428 3689 505 3764 sum
523 3734 532 3754 ·
549 3690 717 3765 Testibus
741 3691 896 3766 Matheo
913 3692 1136 3766 Grethenitb
1153 3732 1163 3751 ·
1182 3689 1386 3786 Regineldo
1404 3692 1450 3763 de
1471 3691 1643 3786 Melewyl
1665 3695 1776 3767 fratre

427 3805 576 3897 prodisti
595 3803 753 3879 Walters
779 3846 788 3863 ·
809 3802 1009 3878 Meloclmo
1026 3805 1072 3877 de
1090 3802 1304 3899 Polgcueuy
1320 3814 1360 3876 et
1376 3804 1502 3876 mustis
1518 3803 1599 3898 nlijs
1616 3843 1625 3862 ·

426 4139 537 4214 Corte
551 4142 702 4215 Andree
718 4142 765 4215 dc
778 4141 931 4238 Bercluy
949 4143 1086 4215 domini
1104 4141 1151 4214 dc
1169 4139 1352 4236 Gurntuly
1369 4142 1414 4214 de
1433 4152 1529 4214 term
1542 4143 1589 4214 de
1607 4139 1776 4216 Meiros·

429 4335 625 4440 Omnibus
641 4367 735 4439 hanc
745 4381 882 4440 curtum
896 4366 1022 4440 visuris
1041 4367 1098 4440 rel
1109 4366 1289 4440 audituris
1305 4365 1473 4438 Andreas
1490 4365 1536 4436 do
1550 4363 1704 4460 Bercluy
1715 4367 1779 4439 do-

427 4480 546 4552 minus
556 4478 602 4550 dc
612 4475 952 4573 Gcmtulysclutenr
967 4482 1004 4551 in
1016 4480 1166 4552 domino
1179 4475 1456 4572 sempiternum·
1472 4475 1780 4551 Noueritvniuer-

428 4585 512 4663 srtns
524 4585 644 4662 vestra
660 4612 720 4661 mc
737 4584 870 4662 dedisse
887 4587 1090 4664 concessisse
1108 4601 1149 4665 et
1166 4589 1235 4663 heo
1251 4588 1409 4686 presenti
1427 4598 1527 4662 certe
1550 4611 1633 4662 men
1650 4590 1780 4663 consir·

477 4720 561 4775 νοτ..
580 4721 623 4774 11.
1095 4710 1118 4775 2
1139 4723 1166 4774 rr
