4564 5968
472 801 575 896 xva]
943 804 1351 883 ABERDONENSE.
1750 823 1818 895 173

474 1003 575 1074 Pixis
591 1003 752 1078 eburnea
770 1007 1009 1103 deargentata
1022 1049 1031 1066 ·
1044 1007 1163 1082 Perua
1172 1033 1303 1108 ymago
1316 1008 1476 1083 cmcifixi
1491 1009 1660 1106 flagellati
1674 1017 1814 1106 argenti

472 1116 673 1210 margaritis
698 1115 905 1214 insculpta·
933 1118 1019 1191 Due
1045 1143 1178 1192 corone
1203 1129 1394 1218 argentate
1417 1140 1483 1212 pro
1500 1119 1584 1191 diua
1608 1121 1749 1216 virgine
1776 1135 1814 1195 et

469 1224 560 1297 Jesu
571 1229 721 1322 paruulo
738 1232 816 1303 cius
832 1231 908 1305 filio
926 1254 1010 1304 cum
1028 1228 1243 1324 quibusdam
1260 1234 1299 1304 in
1311 1227 1444 1303 eisdem
1463 1227 1629 1323 preciosis
1642 1245 1682 1302 vt
1700 1233 1814 1306 femur

471 1337 648 1434 lapidibus
660 1383 670 1401 ·
682 1342 855 1438 Quinque
865 1342 972 1416 burse
982 1340 1047 1413 seu
1057 1340 1239 1434 marsupia
1250 1364 1298 1413 ex
1310 1362 1398 1412 auro
1412 1349 1584 1415 contexte
1594 1364 1658 1436 pro
1675 1341 1815 1416 conser-

470 1453 615 1525 vatione
624 1454 857 1549 reliquiarum
869 1455 1067 1547 deputate·
1080 1450 1249 1536 Quatuor
1258 1451 1380 1544 phiole
1390 1453 1530 1546 argenti
1541 1476 1606 1547 pro
1617 1451 1814 1526 ministerio

468 1567 588 1660 magni
601 1565 882 1659 altarisquarum
890 1559 1375 1655 vuideestcooperimentum
1389 1563 1494 1635 ·'l'res
1504 1563 1662 1658 ampulle
1672 1569 1813 1661 argenti

467 1697 531 1770 pro
538 1671 1193 1751 conseruationecrismatisoleisantti
1205 1673 1472 1746 etinfirmorum
1483 1697 1633 1768 quarum
1643 1672 1813 1748 rnelimi-

467 1787 552 1861 liter
567 1799 666 1862 caret
676 1787 949 1882 cooperimento
968 1823 977 1841 ·
998 1782 1118 1855 Peme
1133 1806 1264 1882 ymago
1277 1786 1375 1859 beati
1394 1785 1501 1860 Olaui
1514 1789 1654 1884 argenti
1674 1785 1810 1882 septem

466 1900 634 1973 denerata
648 1895 817 1995 preciosus
842 1895 1026 1990 lapidibus
1051 1935 1060 1954 ·
1088 1894 1175 1968 Duo
1195 1895 1334 1992 lapides
1358 1895 1544 1970 cristallini
1569 1922 1634 1995 pro
1658 1893 1827 1994 pedibus¹

463 2014 695 2107 ymaginum·
713 2008 868 2082 Scutum
883 2009 1025 2103 argenti
1039 2031 1123 2079 cum
1137 2010 1367 2106 ymaginibus
1384 2011 1469 2083 diue
1482 2013 1597 2084 crucis
1610 2009 1811 2087 beatillime

465 2125 612 2219 virginis
636 2131 676 2195 et
702 2121 801 2194 beati
826 2117 1007 2192 Jehannis
1031 2143 1098 2215 pro
1116 2122 1313 2195 collatione
1337 2123 1436 2215 pacis
1452 2123 1491 2194 in
1517 2118 1618 2195 milla
1641 2145 1688 2196 ex
1715 2125 1810 2197 dono

463 2235 559 2308 bone
575 2233 749 2308 memorie
766 2254 810 2303 ac
826 2231 1017 2303 reuerendi
1031 2235 1146 2326 patris
1162 2233 1303 2306 Thema
1320 2232 1477 2328 episcopi
1498 2232 1807 2309 Abbirdonensrs·

463 2346 549 2419 Duo
565 2343 781 2420 candelabra
797 2352 972 2437 argentea
986 2367 1052 2438 pro
1069 2341 1270 2418 ministerio
1283 2345 1576 2418 ceroferariorum
1594 2343 1744 2420 ecclesie
1761 2370 1807 2420 ex

463 2455 723 2531 donoeiusdem
734 2453 1037 2551 episcopi'l'home
1051 2496 1060 2515 ·
1074 2454 1201 2530 Peluis
1211 2458 1352 2554 argenti
1366 2479 1449 2530 cum
1458 2457 1625 2531 lauuchro
1635 2459 1809 2533 deaurato

463 2594 508 2643 ex
527 2571 621 2642 dono
638 2567 822 2662 quondam
846 2568 941 2639 bone
958 2568 1134 2640 memorie
1152 2568 1310 2641 Gilberti
1327 2566 1612 2643 Abbirdonensrs
1628 2568 1782 2666 episcopi
1800 2610 1809 2626 ·

463 2680 546 2754 Due
564 2681 634 2753 alie
651 2676 816 2752 similiter
839 2678 965 2773 pelues
991 2701 1057 2774 pro
1082 2678 1282 2753 ministerio
1308 2682 1430 2776 magni
1456 2681 1577 2753 altaris
1603 2681 1752 2776 pulchre
1770 2697 1808 2755 et

461 2790 610 2866 honeste
635 2815 681 2864 ex
708 2788 814 2863 slmili
836 2791 931 2863 dono
959 2789 1153 2886 supradicti
1180 2792 1318 2864 domini
1345 2790 1495 2864 Henrici
1521 2789 1807 2866 Abbirdoneusss

460 2903 642 3000 episcopi·
661 2901 788 2975 Vnum
806 2903 950 2978 coclear
973 2907 1116 2999 argenti
1142 2927 1209 3000 pro
1225 2899 1425 2976 ministerio
1442 2903 1526 2976 diui
1552 2902 1675 2977 altaris
1692 2945 1701 2963 ·
1721 2904 1806 2976 Duo

463 3015 649 3090 thuribula
673 3017 815 3112 argenti
833 3039 880 3088 ex
906 3016 1003 3088 dono
1029 3019 1259 3089 dominorum
1285 3015 1434 3111 capituli
1452 3012 1683 3089 residentium
1710 3041 1805 3090 anno

463 3127 610 3201 Domini
629 3123 821 3200 millefimo
838 3126 1130 3224 quingentefimo
1148 3126 1402 3202 decimosexto
1415 3129 1583 3224 ponderis
1599 3141 1748 3202 centurn
1766 3145 1805 3201 et

460 3240 698 3337 qnadraginta
710 3242 897 3313 unciarum
915 3263 999 3312 cnm
1017 3240 1250 3314 nauicellaet
1265 3239 1418 3314 cocleari
1436 3236 1569 3313 incensi
1587 3264 1670 3313 cum
1687 3239 1803 3314 custo·

460 3355 566 3426 dibus
583 3354 808 3426 eorundem·
827 3351 961 3425 Pulcra
981 3375 1112 3449 yrungo
1137 3353 1280 3449 argenti
1305 3346 1504 3425 beatissime
1529 3353 1586 3425 dei
1609 3355 1803 3449 genetricis

461 3466 580 3538 Marie
597 3465 745 3558 pietatis
761 3488 807 3538 ex
826 3466 922 3537 douo
939 3466 1156 3538 venerabilis
1173 3465 1242 3536 viri
1259 3457 1418 3559 magistri
1434 3464 1583 3536 Andree
1600 3464 1706 3559 Lyell
1724 3465 1803 3536 the·

460 3576 603 3670 saurarij
618 3573 905 3650 Abbirdonensrs
918 3617 927 3634 ·
942 3577 1028 3650 Duo
1042 3576 1289 3674 euangeliaria
1300 3597 1452 3671 quorum
1465 3571 1575 3647 rmum
1589 3589 1799 3672 argenteum

460 3700 498 3762 et
515 3689 612 3762 aliud
637 3712 789 3784 cuprum
817 3689 1031 3761 deauratum
1057 3727 1067 3745 ·
1093 3687 1179 3761 Duo
1203 3686 1399 3784 pectoralia
1428 3710 1620 3782 capparum
1646 3711 1798 3781 quorum

459 3823 570 3873 vnum
587 3812 800 3897 argenteum
818 3812 857 3872 et
879 3800 1037 3873 alterum
1056 3824 1103 3874 ex
1122 3823 1234 3896 cupro
1259 3800 1457 3874 deaurato·
1474 3799 1696 3896 Corurgenti
1715 3814 1801 3873 onte

458 3915 579 3986 diuam
597 3914 773 4009 virginem
798 3950 807 3968 ·
833 3911 1081 4007 Aspersorium
1106 3914 1248 4010 argenti
1273 3935 1357 3984 cum
1383 3913 1518 4007 forpice
1537 3935 1602 4006 pro
1626 3913 1799 3986 cudendis

458 4026 611 4122 panibus
627 4021 822 4098 hostiarum
841 4048 888 4098 ex
905 4026 1001 4097 dono
1018 4025 1211 4098 reuerendi
1228 4025 1340 4120 patris
1359 4023 1538 4097 Willelmi
1558 4022 1796 4120 Elplrinstoon

464 4132 751 4211 Abbirdonensrs
767 4135 923 4232 episcopi
941 4177 950 4195 ·
968 4137 1079 4211 Inous
1096 4137 1214 4211 ferrea
1228 4159 1277 4210 ex
1293 4139 1500 4210 communia
1521 4137 1669 4232 capituli
1689 4177 1698 4196 ·
1715 4139 1798 4212 Tria

459 4251 588 4324 scrinia
602 4269 667 4341 pro
680 4248 750 4341 hijs
769 4247 958 4321 Jocalibus
978 4249 1234 4324 conseruaudis
1246 4247 1500 4323 ·.Gandelabra
1516 4273 1606 4324 enea
1622 4263 1661 4323 et
1684 4251 1798 4324 ferrea

458 4385 522 4444 pro
538 4358 601 4433 vsu
619 4359 834 4457 quotidiano
850 4358 1001 4435 ecclesie
1018 4372 1149 4457 patent
1161 4359 1314 4436 cuilibet
1330 4362 1490 4435 intuenti
1509 4403 1517 4419 ·
