4526 5954
480 673 552 740 eso
963 659 1271 737 nsursnnuss
1663 667 1816 766 [seeum

481 975 592 1050 cun
619 975 841 1052 walterius
863 973 1061 1071 Mnewyn
1086 973 1173 1047 data
1197 968 1368 1046 nameus
1394 968 1446 1044 s-
1469 970 1656 1048 nsnsnn
1672 931 1818 1072 ee'ep

480 1089 640 1162 tinorum
657 1130 666 1148 ·

480 1288 673 1391 Omnibus
688 1311 809 1388 sende
823 1314 952 1388 metris
968 1304 1118 1388 ecclesie
1141 1307 1226 1406 filijs
1241 1309 1289 1384 nd
1306 1329 1397 1404 qnos
1413 1303 1593 1404 presentes
1614 1303 1721 1379 litere
1736 1329 1817 1401 per-

478 1427 648 1501 uenerint
673 1422 863 1498 Weiterus
896 1424 1013 1498 dietus
1042 1423 1090 1496 de
1118 1420 1317 1518 Mniewyle
1350 1414 1530 1517 burgenfis
1561 1417 1609 1491 de
1641 1415 1815 1491 Aberden

478 1536 631 1613 sulutem
647 1536 688 1608 in
704 1535 850 1608 demine
867 1531 1122 1629 sempiternum
1137 1571 1148 1596 ·
1163 1532 1325 1608 Nouerit
1340 1525 1548 1606 vniuerfitss
1564 1526 1682 1604 vestre
1693 1529 1816 1604 mede

477 1645 651 1724 consensu
677 1653 717 1719 et
742 1640 881 1718 sffensu
907 1641 1047 1738 Sybille
1076 1641 1201 1739 sponse
1226 1668 1311 1720 mee
1336 1643 1494 1720 enritntis
1518 1642 1657 1718 intuitu
1686 1649 1727 1715 et
1748 1662 1815 1738 pro

478 1757 593 1833 seinte
615 1757 737 1830 anime
759 1777 843 1828 mee
859 1763 898 1828 et
914 1755 1010 1827 dise
1036 1753 1177 1850 Sybille
1192 1753 1318 1854 sponse
1341 1779 1425 1831 mee
1439 1763 1477 1830 et
1490 1750 1750 1830 unteeessbrnm
1775 1760 1815 1828 et

477 1867 652 1943 heredum
675 1887 840 1939 meorum
865 1861 998 1939 dediiie
1021 1861 1224 1941 eoneeffiffe
1241 1876 1282 1942 et
1296 1869 1337 1941 in
1352 1889 1436 1942 mes
1456 1867 1550 1942 bonu
1571 1866 1748 1940 memoris
1770 1887 1814 1938 se

474 1974 632 2076 presenti
648 1985 749 2050 enrts
764 1999 847 2050 men
861 1971 1084 2050 confirmasse
1105 1975 1271 2052 ministro
1288 1987 1329 2054 et
1343 1979 1509 2054 frutribus
1532 1979 1669 2054 ordinis
1684 1976 1813 2050 domus

475 2087 595 2164 suen
608 2087 782 2162 trinitatis
794 2094 834 2160 et
847 2087 1073 2183 captiuorum
1086 2087 1133 2160 de
1145 2085 1326 2163 Aberden
1339 2112 1462 2165 ornnes
1476 2099 1516 2166 et
1529 2086 1687 2188 finguns
1698 2098 1814 2163 tenus

475 2224 559 2277 eum
576 2221 701 2275 esrum
716 2197 917 2273 redditibus
932 2219 1023 2292 quus
1038 2197 1113 2271 erni
1130 2198 1178 2272 de
1189 2198 1356 2274 Murtino
1368 2199 1557 2276 Auribbro
1574 2203 1622 2276 de
1637 2201 1812 2276 Aberden

475 2325 552 2388 tem
567 2313 662 2387 infre
678 2309 802 2385 villum
828 2311 876 2387 de
896 2309 1073 2384 Aberden
1097 2331 1208 2404 quum
1233 2318 1341 2385 extre
1367 2312 1540 2386 tenendus
1565 2320 1607 2387 et
1628 2312 1812 2388 bebendns

474 2424 587 2500 dietas
602 2434 717 2499 terres
741 2429 782 2496 et
804 2422 968 2498 redditus
992 2421 1192 2496 enrundem
1214 2421 1386 2517 prodistis
1409 2417 1570 2496 ministre
1586 2430 1627 2496 et
1642 2423 1812 2498 frutribus

472 2540 512 2611 in
528 2543 747 2632 perpetuum
770 2535 826 2609 ite
848 2532 963 2624 bbere
986 2532 1148 2628 plenarie
1171 2533 1322 2629 pneidee
1339 2541 1380 2608 et
1396 2533 1515 2628 quiete
1539 2527 1633 2607 iieut
1648 2557 1716 2630 ege
1732 2557 1813 2630 pre·

473 2645 587 2723 dietas
613 2657 727 2721 terres
750 2645 872 2741 ulique
896 2654 1061 2740 tempore
1088 2645 1236 2720 liberius
1260 2645 1425 2742 qnieeius
1447 2645 1548 2718 tenui
1573 2644 1633 2719 vei
1651 2641 1810 2740 possedi·

472 2758 585 2836 Saluo
601 2753 775 2834 ior-iniens
791 2753 938 2832 seruitio
954 2755 1093 2832 domini
1108 2758 1204 2854 regis
1220 2766 1261 2834 et
1275 2755 1431 2832 nidorum
1452 2758 1681 2832 dominorum
1698 2780 1812 2853 quun·

472 2882 553 2945 tum
568 2869 617 2944 nd
631 2868 713 2943 illus
732 2879 846 2943 terres
862 2866 1041 2966 predidns
1064 2868 1228 2966 pertinet
1253 2878 1364 2965 prout
1378 2869 1419 2944 in
1433 2877 1529 2944 eurtn
1545 2865 1633 2944 dieu
1653 2868 1809 2944 Martini

473 2981 661 3056 Aurii'sbri
676 2979 768 3052 mihi
782 2977 891 3076 super
906 2978 1011 3053 dieis
1034 2979 1143 3056 terris
1167 2981 1332 3055 eonfestn
1347 2989 1387 3056 et
1402 2980 1565 3077 predidis
1580 2977 1745 3055 ministro
1769 2991 1809 3057 et

308 3079 311 3088 ’
473 3092 643 3168 frutribus
658 3113 724 3186 per
740 3112 800 3166 rue
817 3089 1018 3166 deliberate
1027 3091 1171 3186 plenius
1187 3092 1398 3166 continetur
1410 3131 1420 3153 ·
1432 3090 1527 3167 Dedi
1543 3092 1656 3167 etism
1670 3103 1710 3169 et
1721 3115 1809 3168 uon·

471 3200 556 3280 eeffi
576 3203 748 3277 iratribus
772 3203 981 3278 memoretis
996 3212 1037 3277 et
1052 3225 1179 3277 eornm
1202 3198 1455 3278 sueeefl’en'bus
1476 3201 1672 3278 enuntiem
1686 3204 1810 3279 reddi·

315 3375 316 3380 ¹
471 3327 551 3391 turn
567 3316 722 3390 duorum
739 3310 932 3389 solidorum
944 3315 1086 3411 urgenti
1102 3315 1418 3412 percipiendorum
1428 3314 1546 3391 deillu
1557 3324 1655 3390 term
1666 3316 1809 3392 ineente

470 3431 510 3502 in
527 3429 608 3502 rice
625 3426 672 3500 de
689 3423 809 3524 Futyn
825 3449 935 3522 quern
951 3425 1113 3501 Mer-inte
1128 3423 1254 3523 spaniis
1269 3428 1451 3524 quondum
1463 3425 1643 3502 Wiiielmi
1659 3425 1808 3503 Pistoris

468 3551 560 3616 tune
575 3539 697 3614 tenuit
713 3577 723 3599 ·
741 3536 803 3613 Itu
817 3547 943 3614 temen
959 3537 1057 3634 qued
1068 3535 1233 3614 minister
1244 3548 1285 3615 et
1297 3541 1427 3615 iratres
1440 3537 1588 3637 predisti
1603 3561 1671 3636 pro
1685 3541 1806 3616 nnimu

466 3673 550 3727 mes
572 3659 613 3726 et
635 3649 797 3748 predide
828 3646 955 3746 sponse
981 3672 1063 3724 mee
1088 3645 1351 3726 enteeeffurum
1379 3650 1614 3726 etheredum
1638 3674 1804 3726 meorum

467 3763 658 3837 inuenient
674 3782 786 3834 vnum
802 3760 1030 3857 espellnnnm
1051 3761 1236 3859 ydoneum
1253 3772 1294 3840 et
1308 3757 1494 3838 honestum
1508 3760 1708 3839 seeulnrern
1724 3786 1806 3860 per·

465 3883 578 3969 petuo
594 3870 839 3947 eelebruntem
853 3873 894 3945 in
910 3868 1060 3948 enclesis
1074 3871 1187 3948 santii
1205 3872 1378 3950 Niebolui
1394 3873 1440 3950 de
1454 3871 1626 3951 Aberden
1642 3876 1688 3949 ud
1704 3898 1805 3976 snrg-

466 4008 555 4058 num
571 3983 686 4058 altere
702 3993 742 4057 et
756 3980 901 4058 selnent
926 3980 1075 4082 finguiis
1098 3987 1204 4061 annis
1230 3983 1466 4061 luminaribus
1484 3981 1604 4062 sende
1620 3983 1741 4062 Msrie
1764 3997 1805 4062 et

466 4095 587 4172 snndte
603 4096 720 4170 erucis
730 4095 770 4168 in
781 4093 878 4170 drea
888 4091 1039 4171 eeeleiis
1063 4097 1250 4172 dimidiam
1265 4119 1428 4172 murenm
1442 4091 1694 4196 sterlingorum
1704 4097 1804 4174 ride·

467 4208 554 4283 lieet
579 4207 816 4282 medietatem
831 4204 880 4281 nd
894 4203 1122 4304 penteeostes
1148 4219 1188 4284 et
1213 4207 1323 4286 eliens
1345 4209 1575 4284 medietntern
1601 4208 1649 4285 nd
1670 4205 1802 4285 iesturn

466 4316 576 4396 fundi
587 4319 744 4395 Martini
757 4319 797 4392 in
805 4317 993 4414 byenrede
1002 4320 1204 4396 redditibus
1215 4320 1392 4395 diturum
1404 4329 1578 4396 terrm
1588 4362 1599 4383 ·
1611 4316 1801 4418 subjiciens

467 4455 528 4506 nse
544 4442 583 4506 et
598 4429 752 4506 heredes
772 4452 875 4506 niens
898 4427 1132 4507 iurisdistioni
1157 4431 1252 4508 sedis
1277 4427 1470 4530 spostoliee
1490 4443 1532 4508 et
1548 4431 1686 4508 demini
1710 4429 1801 4531 epis·

467 4545 549 4640 copi
565 4535 836 4620 Aberdenenfis
859 4543 995 4619 eteius
1019 4541 1181 4620 officisis
1196 4545 1261 4641 qni
1276 4567 1344 4642 pre
1358 4553 1520 4644 ternpore
1541 4545 1680 4622 inerint
1702 4545 1799 4644 quud
