4564 5968
502 756 588 851 xm]
975 758 1381 835 ABERDONENSE.
1774 757 1844 822 905

499 957 547 1027 de
564 953 721 1052 Calabyr
736 958 964 1054 prebendarij
984 960 1030 1033 de
1049 959 1181 1033 Ellone
1207 961 1253 1032 de
1277 979 1348 1051 quo
1366 947 1654 1026 commemoratio
1673 946 1842 1019 videlicet

500 1091 551 1138 xx
577 1069 607 1140 ἔ.
634 1068 680 1140 de
710 1069 745 1143 le
773 1070 1047 1166 Netbyrmanys
1071 1075 1109 1143 in
1134 1065 1499 1163 recompensationem
1524 1054 1667 1148 hospicij
1687 1066 1775 1128 tunc
1794 1059 1840 1129 de

500 1177 633 1252 Eilone
658 1181 763 1256 iuxta
779 1182 979 1280 hospicium
998 1184 1135 1255 domini
1153 1178 1308 1276 episcopi
1328 1171 1494 1268 applicati
1518 1169 1661 1238 domino
1678 1163 1841 1261 episcopo

498 1289 767 1388 imperpetuum
798 1295 957 1368 edificati
987 1305 1027 1366 et
1049 1294 1193 1364 fundati
1221 1312 1287 1385 per
1312 1285 1507 1382 predittum
1537 1280 1722 1350 dominum
1748 1276 1843 1351 Wil-

499 1402 649 1478 lelmum
668 1447 676 1465 ·

950 1675 953 1682 »
1011 1625 1155 1699 Alanus
1173 1625 1346 1698 Fwthes·

496 1737 612 1814 Sexto
637 1741 813 1814 kalendas
839 1738 1066 1832 Septembris
1091 1734 1374 1810 anniuersarium
1400 1733 1533 1804 domini
1561 1730 1670 1802 Alani
1692 1727 1837 1800 Fwtbes

496 1849 713 1945 suorumque
729 1859 925 1944 parentum
946 1859 987 1922 et
1010 1850 1281 1922 benesaGtorum
1299 1850 1369 1923 iam
1387 1846 1494 1918 tertio
1511 1845 1640 1918 sedtum
1660 1844 1705 1915 de
1722 1843 1785 1936 xiij
1805 1844 1834 1914 ii.

492 1963 544 2056 iiij
562 1961 599 2034 d.
617 1963 664 2035 de
681 1960 780 2035 Glak
798 1964 987 2035 aunuatim
1006 2003 1015 2020 ·

981 2185 1170 2260 iohannes
1189 2187 1366 2262 neberti·
1414 2167 1419 2176 ’

491 2299 632 2382 Quinto
649 2294 825 2367 kalendas
844 2295 1059 2370 Decembris
1073 2299 1196 2372 obitus
1207 2299 1384 2374 Johannis
1399 2299 1546 2370 Dobcrti
1564 2297 1609 2367 de
1625 2295 1835 2392 Twlygrcge

490 2411 552 2502 qui
570 2407 672 2478 dedit
690 2418 867 2500 perpetuo
885 2409 1013 2482 decem
1031 2414 1060 2484 ἔ.
1079 2415 1192 2484 annui
1210 2413 1371 2485 redditus
1389 2413 1433 2482 do
1447 2409 1548 2480 terris
1565 2406 1636 2478 suis
1652 2409 1697 2479 de
1716 2409 1833 2482 Aber-

491 2522 584 2592 dene
601 2542 667 2613 pro
684 2540 756 2589 vno
774 2519 992 2592 uniuersario
1011 2522 1230 2595 celebrando
1247 2524 1307 2596 die
1323 2546 1393 2616 quo
1411 2519 1513 2613 supm
1528 2543 1592 2613 pro
1609 2521 1730 2592 anima
1746 2517 1832 2592 sua·

716 2743 900 2816 Henricus
920 2745 1111 2839 Lycbtonc
1129 2745 1316 2842 episcopus
1334 2739 1623 2819 Aberdoucnsrs·

488 2853 658 2926 Secundo
686 2853 777 2928 Idus
804 2855 1021 2930 Decembris
1045 2859 1169 2931 obitus
1199 2861 1292 2932 bone
1321 2859 1492 2931 memorie
1518 2855 1652 2928 domini
1682 2856 1833 2930 Henrici

490 2964 680 3060 Lychtone
706 2965 861 3062 episcopi
881 2965 1154 3042 Aberdonensis
1177 2972 1223 3044 de
1249 2995 1320 3064 quo
1338 2970 1627 3043 commemoratio
1644 2971 1832 3041 annuatim

489 3078 659 3151 uidelicet
676 3079 741 3172 xiij
760 3081 790 3152 ἔ.
806 3081 856 3173 iiij
870 3077 908 3152 d.
924 3081 1089 3155 leuandis
1101 3084 1148 3155 de
1162 3082 1198 3156 la
1212 3076 1489 3156 Muerhnlbouss
1497 3092 1535 3152 et
1548 3081 1661 3152 crofta
1673 3080 1831 3154 eiusdem

487 3187 669 3262 soluendis
692 3191 737 3263 ad
764 3192 855 3263 duos
871 3195 958 3264 enni
977 3195 1152 3266 terminos
1169 3193 1420 3289 penthecostes
1436 3205 1474 3264 ct
1490 3187 1597 3263 santii
1617 3189 1769 3266 Martini
1797 3198 1831 3266 in

486 3324 591 3396 yeme
609 3303 879 3397 imperpetuum
898 3303 1116 3378 celebrande
1133 3307 1184 3401 xij
1203 3309 1262 3380 die
1277 3301 1406 3380 mensis
1424 3303 1631 3376 Decembris
1649 3344 1657 3360 ·

489 3523 664 3622 [Decimo
690 3523 794 3598 sexto
821 3526 997 3600 kalendas
1014 3527 1242 3625 Septembris
1259 3533 1324 3605 siet
1340 3530 1523 3604 annuatim
1548 3529 1830 3604 anniuersarium

485 3635 645 3732 magistri
659 3635 806 3710 Ricardi
821 3637 958 3711 Forbes
977 3640 1105 3714 decani
1122 3638 1383 3718 Abirdonensts
1393 3643 1438 3713 de
1448 3664 1518 3733 quo
1535 3647 1829 3715 commemoratio

485 3748 656 3822 videlicet
683 3748 747 3843 xiij
777 3751 807 3822 ἓ.
837 3751 889 3844 iiij
917 3747 954 3822 d.
980 3751 1147 3826 leuandis
1172 3757 1218 3828 de
1243 3755 1348 3828 terris
1373 3754 1418 3825 de
1446 3751 1638 3826 suucroure
1661 3766 1767 3848 prout
1794 3757 1830 3827 in

484 3861 593 3933 cartis
609 3862 821 3934 continetur
836 3899 845 3917 ·

486 4082 664 4157 venditio
697 4087 809 4158 annm
844 4088 1008 4161 redditus
1042 4091 1130 4186 xviij
1165 4094 1196 4166 s.
1227 4094 1365 4165 venditi
1398 4087 1564 4186 magistro
1599 4089 1753 4164 Ricardo
1783 4097 1829 4166 dc

483 4193 782 4382 gpfflrgppno
808 4197 1059 4274 Aberdonensr
1087 4225 1153 4298 per
1178 4203 1379 4278 Robertum
1404 4202 1597 4296 utmorem
1613 4201 1826 4299 burgensem

486 4532 646 4604 Donatio
671 4533 782 4606 annui
800 4535 965 4610 redditus
992 4540 1079 4634 xviij
1100 4541 1129 4613 i.
1147 4543 1335 4615 annuatim
1362 4543 1452 4614 iada
1468 4539 1660 4635 capellanis
1677 4541 1827 4616 ecclesie

484 4640 753 4718 Aberdoneniis
770 4669 836 4742 per
851 4646 1063 4744 magistram
1082 4650 1279 4726 Ricardum
1297 4655 1344 4728 de
1362 4653 1494 4726 Forbee
1519 4653 1692 4726 decanum
1709 4653 1828 4728 Aber-
