4564 5968
490 769 575 864 xa]
961 775 1366 851 Aunnnoxaxsa.
1769 789 1833 853 151

538 970 584 1039 de
595 970 880 1065 Authydonolde
898 1001 963 1070 pro
975 979 1098 1051 anima
1110 980 1246 1050 domini
1262 977 1441 1048 Willelmi
1460 975 1636 1070 Calabyre
1654 987 1693 1048 et
1711 977 1835 1050 littere

536 1077 666 1155 lirizine
691 1089 799 1158 auaui
826 1090 989 1161 redditus
1018 1089 1096 1186 iiij0'
1115 1091 1286 1162 librarum
1318 1089 1363 1158 de
1391 1084 1525 1159 eisdem
1556 1099 1595 1159 et
1621 1087 1691 1159 alia
1709 1087 1834 1161 littera
1907 1117 1910 1124 ·

536 1191 641 1289 super
658 1200 782 1272 eadem
801 1241 809 1259 ·

487 1304 583 1379 Item
602 1325 701 1384 carta
717 1313 853 1385 domini
872 1314 918 1384 de
936 1313 1058 1385 Ketht
1075 1311 1181 1405 super
1197 1313 1391 1380 donatione
1408 1309 1564 1382 eiusdem
1584 1349 1593 1366 ·

486 1419 720 1496 Confirmatio
738 1425 938 1497 Clementis
955 1447 1048 1517 pape
1065 1422 1208 1515 septimi
1226 1422 1271 1491 de
1288 1419 1393 1493 dictis
1411 1419 1472 1494 sex
1490 1425 1644 1495 mareis·

485 1530 718 1609 Confirmatio
744 1537 948 1608 donationis
975 1529 1168 1604 mansionis
1196 1532 1394 1626 capellanie
1420 1535 1466 1606 de
1491 1534 1669 1630 Calabyre
1686 1548 1725 1607 et
1742 1561 1828 1631 aug-

533 1653 767 1721 mentationis
784 1645 943 1720 ciusdem
961 1643 1071 1737 vsque
1089 1647 1133 1717 ad
1152 1647 1289 1716 fontem
1306 1646 1411 1716 beate
1429 1645 1549 1719 Marie
1567 1687 1576 1704 ·

483 1760 593 1833 Carta
618 1761 766 1855 capituli
786 1753 1054 1832 Aberdonenfis
1072 1758 1117 1828 de
1135 1759 1197 1850 xiij
1215 1757 1248 1827 ll.
1268 1758 1316 1850 iiij
1335 1753 1370 1828 d.
1390 1782 1453 1851 per
1480 1759 1600 1831 Dauid
1619 1761 1665 1832 de
1683 1759 1826 1855 Sprow-

532 1870 608 1944 lton
627 1877 664 1944 ia
682 1870 978 1944 sustentationem
996 1869 1101 1940 vniua
1127 1868 1303 1962 capellani
1323 1873 1359 1940 in
1377 1866 1527 1944 ecclesia
1543 1870 1796 1944 Aberrlouensr
1815 1916 1822 1929 ·

482 1985 592 2058 Carta
622 1983 821 2056 Alexandri
852 1979 1007 2074 episcopi
1033 1977 1303 2053 Aberdoneulis
1337 1983 1382 2052 ‹lc
1409 1985 1564 2075 quadam
1595 1987 1698 2078 pecia
1730 2001 1824 2056 terre

532 2111 695 2193 emptae
719 2094 873 2166 Ricardo
893 2091 943 2159 W
946 2094 1051 2186 rycht
1068 2133 1077 2150 ·

479 2210 591 2281 Carta
607 2207 871 2300 capellanorum
889 2200 1053 2278 australis
1080 2209 1191 2300 partia
1208 2204 1356 2278 ecclesie
1380 2207 1649 2281 Aberdoncnsrs
1666 2208 1821 2305 episcopi

528 2320 728 2393 Alexandri
747 2319 873 2411 primi·

478 2433 589 2506 Carta
607 2431 829 2524 llugouisde
845 2428 950 2501 llollb
967 2431 1013 2501 do
1033 2431 1123 2502 Fata
1139 2431 1240 2501 roule
1259 2473 1266 2488 ·
1286 2441 1324 2502 ot
1342 2434 1568 2505 confirmatio
1588 2433 1699 2528 Regis
1719 2433 1824 2529 super

527 2543 727 2638 capellania
743 2543 789 2612 de
808 2539 838 2612 F
839 2542 898 2613 ola
914 2543 1017 2613 roule
1034 2545 1188 2614 lundata
1214 2566 1277 2636 per
1293 2544 1414 2615 Adam
1434 2545 1577 2640 Pingile
1595 2585 1604 2602 ·

478 2657 526 2728 Et
552 2665 651 2727 carta
677 2650 785 2748 ipsius
811 2653 894 2724 Adc
920 2654 1026 2748 super
1052 2655 1177 2725 endem
1197 2668 1235 2725 et
1254 2654 1375 2726 littera
1402 2653 1651 2750 resignationis
1677 2658 1724 2728 ‹le
1751 2657 1822 2728 fola

525 2769 651 2841 roulc·

476 2882 635 2953 Donatio
653 2881 746 2951 toste
764 2891 802 2950 et
818 2881 933 2950 croste
950 2878 1139 2972 capellano
1152 2879 1198 2948 de
1212 2877 1391 2950 Garuiaclr
1410 2892 1449 2948 et
1467 2879 1694 2952 confirmatio
1709 2881 1821 2974 Regis

525 2991 630 3086 lirper
647 2989 779 3062 eillletu
795 3034 803 3048 ·

476 3105 656 3177 l'uurlatio
684 3106 834 3174 duorum
871 3103 1140 3198 capellanorum
1176 3105 1269 3175 satta
1299 3127 1361 3197 per
1394 3104 1580 3174 dominum
1617 3105 1819 3179 llenricum

523 3218 726 3311 episcopum
756 3213 1052 3288 Aberdoncnsem
1081 3215 1186 3310 super
1215 3215 1379 3307 hospitali
1408 3213 1515 3287 terren
1544 3215 1644 3288 Petri
1664 3233 1700 3288 et
1721 3219 1820 3290 bulla

526 3329 678 3424 Eugcuij
697 3329 979 3400 carrlirruationis
996 3325 1102 3421 super
1119 3328 1244 3399 eadem
1264 3368 1273 3384 ·

475 3441 673 3513 ludentum
688 3443 733 3510 ‹lc
749 3439 844 3510 Dere
856 3439 1035 3533 lirperxiij
1054 3437 1087 3510 ll.
1107 3441 1158 3532 iiij
1176 3437 1213 3510 d.
1232 3442 1276 3510 de
1295 3442 1397 3510 terris
1415 3441 1460 3510 de
1476 3439 1619 3533 Feyttnt
1638 3456 1676 3513 et
1696 3443 1819 3515 littera

525 3555 738 3625 venditionis
759 3551 947 3645 Laurencij
965 3553 1011 3623 de
1030 3551 1059 3622 F
1061 3565 1123 3646 oty
1139 3550 1246 3645 lirper
1261 3552 1386 3623 cadem
1405 3604 1414 3621 .

477 3665 698 3738 l‘rcsentatio
717 3688 780 3759 per
797 3666 925 3735 fmteur
953 3667 1132 3758 prioratus
1157 3661 1276 3735 sancte
1302 3666 1475 3735 trinitatis
1492 3665 1538 3736 de
1556 3666 1753 3739 Aberdene
1772 3670 1817 3739 de

522 3778 708 3874 castellano
726 3791 901 3872 perpetuo
919 3779 956 3848 in
974 3772 1126 3849 eeclesia
1144 3775 1241 3847 beati
1262 3775 1403 3848 Nicolni
1424 3777 1469 3847 de
1488 3777 1687 3850 Aberdcne
1706 3821 1714 3836 ·

471 3891 582 3963 Carta
613 3890 730 3962 Dauid
760 3890 804 3960 de
834 3890 1027 3962 Cowentre
1060 3890 1107 3960 de
1142 3897 1354 3959 tenemento
1388 3889 1484 3959 inter
1517 3903 1631 3961 terras
1664 3891 1814 3964 Roberti

521 4005 694 4097 Gowpare
711 4015 749 4074 et
770 4001 936 4074 Duncani
960 4002 1111 4095 llcrsy·

471 4115 656 4212 tlbligntio
673 4115 874 4186 Alexandri
894 4113 1114 4206 Balcrumby
1131 4113 1178 4185 de
1195 4114 1321 4183 decem
1340 4113 1494 4184 artarchis
1511 4115 1557 4185 do
1574 4115 1753 4188 Galclaole
1771 4159 1779 4174 ·

471 4231 581 4301 Carta
607 4227 758 4299 lsabellc
783 4223 976 4300 Curtastou
1000 4225 1106 4321 super
1123 4249 1194 4296 vno
1220 4237 1430 4296 tenemento
1446 4239 1571 4319 empto
1597 4252 1663 4323 per
1681 4228 1815 4303 llenri-

519 4365 601 4413 cum
614 4337 817 4434 episcopum
832 4339 1132 4412 Aberdoncnsem
1152 4339 1294 4410 iacente
1305 4339 1341 4408 in
1361 4339 1441 4411 rico
1455 4340 1636 4412 furcarum
1657 4353 1696 4414 et
1713 4358 1812 4415 carta

519 4453 735 4527 venditionis
753 4450 909 4524 eiusdem
929 4491 938 4510 ·

469 4571 580 4640 Carta
595 4563 876 4638 confirmationis
886 4565 1126 4660 quadraginta
1136 4562 1327 4635 solidorum
1340 4564 1663 4638 anniuersariorum
1675 4566 1811 4641 domiui

519 4679 675 4752 Gilberti
693 4676 865 4771 Grynlaw
882 4677 967 4749 Ade
985 4673 1151 4750 Forstare
1168 4687 1206 4748 et
1225 4675 1375 4782 Itoberti
1401 4679 1496 4773 regis
1514 4677 1707 4750 Scotorum
1728 4721 1736 4738 ·
