4526 5954
752 731 1062 807 REGISTRUM
1097 730 1504 805 ABERDONENSE.
1729 739 1799 805 223

453 951 548 1001 nuno
574 930 801 1005 inmanibus
828 932 982 1005 Dauidis
1000 932 1149 1027 Quhyte
1177 932 1215 1000 in
1240 928 1444 1001 feudifirmn
1466 950 1518 998 xx
1546 929 1575 999 ἔ.
1628 925 1725 999 Item
1753 932 1798 1002 de

452 1042 566 1112 crofto
593 1042 679 1116 olim
697 1043 919 1119 Amirosoun
937 1046 1094 1118 nuncin
1117 1042 1284 1113 manibus
1310 1036 1469 1110 Gilborti
1488 1037 1634 1132 Kyntor
1650 1039 1798 1111 iunioris

450 1177 475 1225 x
505 1159 533 1228 ἓ.
586 1154 635 1227 Et
665 1158 710 1230 de
740 1159 857 1230 orosto
885 1157 973 1230 olim
1005 1153 1189 1226 Willolmi
1216 1149 1383 1244 Kympty
1407 1173 1505 1223 mmo
1532 1173 1617 1223 vero
1645 1149 1798 1224 Donidis

450 1265 663 1342 Andersone
679 1268 743 1364 xiij
763 1273 793 1343 fi.
812 1267 874 1365 viij
894 1267 931 1341 d.
977 1268 1029 1339 Et
1047 1267 1094 1336 do
1111 1263 1237 1334 croftis
1255 1258 1375 1333 sonae
1394 1261 1515 1334 Morio
1533 1261 1746 1360 Magdaline
1758 1267 1795 1335 in

449 1381 613 1453 manibus
629 1379 767 1452 Thomo
785 1380 940 1478 Menges
957 1370 1132 1472 prepofiti
1143 1368 1415 1444 Aberdononfio
1427 1372 1514 1469 xxvj
1533 1376 1562 1446 ἔ.
1577 1374 1637 1470 viij
1656 1373 1692 1448 d.
1745 1375 1796 1446 Et

449 1493 494 1564 de
511 1496 615 1565 terris
633 1505 671 1564 et
687 1493 787 1564 rudis
804 1488 1019 1584 quibusdam
1037 1489 1076 1557 in
1103 1485 1271 1578 Enronry
1288 1481 1348 1577 xvj
1368 1485 1398 1554 ἓ.
1423 1507 1448 1554 x
1465 1482 1502 1555 d.
1554 1485 1606 1556 Et
1623 1489 1660 1557 in
1677 1486 1795 1559 Banfe

448 1606 485 1675 in
509 1606 675 1677 manibus
691 1603 869 1674 iohannis
895 1601 1058 1674 Currour
1075 1621 1099 1668 x
1118 1599 1149 1670 ἓ.
1202 1595 1252 1667 Et
1277 1595 1324 1668 de
1347 1596 1495 1668 baronia
1520 1597 1566 1668 de
1583 1596 1793 1692 Coliystoun

448 1717 485 1788 χι
507 1743 535 1790 s·
712 1824 865 1896 Summo
965 1876 974 1892 .
1078 1864 1087 1879 ·
1191 1821 1307 1917 vjlio.
1326 1820 1386 1915 xvj
1406 1818 1533 1894 §.xri

492 2164 572 2238 PRO
591 2182 716 2234 nussm
736 2180 1004 2237 szovnnmnus
1026 2181 1217 2232 FUNDATIS
1237 2180 1443 2231 vmfflcm·
1462 2183 1537 2232 PER
1556 2184 1741 2240 QUONDAM

609 2292 874 2345 rmntnnnnms
895 2291 1008 2343 vmos
1028 2293 1191 2351 QUORUM
1211 2291 1362 2345 nonium
1382 2294 1640 2352 SEQUUNTUB·

542 2499 743 2571 Dominicis
769 2497 899 2568 diebus
923 2519 989 2590 pro
1015 2499 1138 2569 anima
1161 2493 1320 2592 magistri
1347 2495 1550 2570 Alexandri
1577 2497 1684 2570 Vnus
1702 2501 1787 2571 olim

541 2612 687 2683 remoris
704 2610 751 2682 de
767 2607 916 2681 Turreff
927 2651 935 2668 ·

495 2724 549 2796 De
567 2737 662 2795 term
678 2723 815 2794 domini
832 2721 858 2792 J
861 2722 1015 2794 ohannis
1034 2719 1202 2792 Fentoun
1223 2722 1258 2791 in
1276 2741 1373 2791 nouo
1386 2721 1518 2814 oppido
1536 2720 1786 2794 Aberdonenii

440 2837 488 2932 xij
508 2842 536 2908 ri.

541 3061 642 3132 Ferin
657 3060 814 3133 secundo
831 3081 897 3153 pro
914 3059 1039 3130 animo
1056 3053 1214 3152 magistri
1233 3057 1379 3130 Ricardi
1392 3055 1641 3133 Forbess'olim
1660 3064 1785 3136 decani

538 3166 811 3246 Aberdonenfis
827 3211 836 3230 ·

490 3287 546 3360 lie
563 3299 659 3359 term
677 3285 830 3357 Dauidis
848 3280 1071 3356 Andersono
1088 3304 1187 3354 nuno
1213 3281 1338 3355 bollini
1357 3283 1625 3357 Aberdonensrs
1651 3287 1738 3383 xviij
1758 3292 1785 3359 ἓ.

538 3514 642 3585 Forin
658 3511 767 3582 tertio
783 3531 848 3603 pro
866 3509 988 3580 animo
1004 3506 1144 3578 domini
1162 3505 1364 3581 Alexandri
1384 3507 1587 3605 Monymeli
1605 3512 1692 3582 olim
1712 3538 1785 3584 roo·

536 3626 624 3697 toris
641 3625 687 3694 do
705 3619 845 3694 Forbos
855 3661 864 3679 ·

488 3737 545 3810 De
561 3746 657 3808 terro
675 3733 856 3806 Willolmi
874 3729 1053 3805 Chesamo
1068 3753 1120 3802 xx
1138 3733 1168 3803 ἔ.

644 3957 748 4030 Foria
765 3967 895 4052 quarta
913 3980 978 4051 pro
995 3957 1118 4028 anima
1136 3954 1317 4028 Wiliolmi
1337 3956 1504 4030 l’nntoun
1524 4013 1533 4029 .

486 4071 542 4144 De
559 4082 654 4144 torm
670 4070 695 4141 J
697 4071 799 4144 acobi
814 4067 963 4164 Lytstnr
979 4091 1078 4141 nuno
1091 4069 1129 4140 in
1148 4069 1315 4141 monibus
1328 4068 1487 4166 magistri
1496 4069 1676 4146 iohannis
1692 4076 1782 4148 Vnt·

435 4185 519 4258 sono
536 4205 585 4256 xx
603 4186 632 4257 ἔ.

533 4409 635 4481 Feria
652 4409 781 4501 quinto
793 4429 859 4501 pro
876 4403 1173 4503 animamngn'stri
1190 4405 1360 4500 Symonis
1378 4405 1518 4481 Doddis
1535 4409 1621 4483 olim
1635 4416 1780 4484 remoris

520 4523 578 4595 'de
597 4519 845 4613 innornoohty
863 4515 965 4591 miiio
979 4519 1029 4591 de
1045 4540 1196 4612 corporo
1211 4515 1343 4592 Christi
1368 4541 1452 4593 oum
1469 4532 1582 4594 nota·

482 4635 578 4710 Item
613 4633 790 4728 imprimis
813 4631 872 4704 ·do
906 4633 1017 4704 domo
1042 4633 1214 4705 anteriori
1239 4629 1434 4705 mansionis
1464 4633 1510 4704 de
1536 4633 1780 4736 Innernochty
