4564 5968
498 709 564 779 169
1013 705 1322 782 REGISTRUM
1678 711 1826 806 [secum

495 931 576 980 cum
594 909 798 1004 lapidibus·
816 904 972 982 Restant
996 910 1036 980 in
1061 919 1142 978 toto
1167 927 1251 976 curn
1276 901 1423 978 custode
1448 903 1663 982 thesauraria
1680 911 1725 982 de
1743 910 1829 1002 lapi-

495 1023 598 1094 dibus
612 1018 779 1117 preciolls
795 1025 835 1096 xi
853 1021 991 1117 lapides
1008 1059 1017 1078 ·
1036 1017 1072 1090 (Ι
1085 1017 1184 1090 Item
1201 1016 1248 1088 de
1265 1015 1361 1088 diua
1376 1016 1486 1087 mitra
1496 1017 1534 1086 in
1547 1013 1635 1089 cista
1651 1021 1831 1092 communi

495 1156 565 1206 rna
580 1135 682 1228 pecia
697 1133 804 1208 valde
819 1128 981 1229 preciosa
997 1131 1044 1206 ad
1061 1130 1211 1202 modum
1229 1129 1334 1201 vniua
1350 1126 1546 1200 floriacum
1563 1149 1694 1224 magno
1716 1131 1833 1224 lapide

494 1244 604 1318 rubeo
620 1247 658 1316 in
675 1246 797 1318 medio
813 1255 854 1318 et
869 1241 932 1318 sex
958 1243 1140 1340 lapidibus
1156 1243 1195 1312 in
1212 1238 1517 1332 circumferenciis
1533 1277 1542 1294 ·
1560 1237 1596 1310 (Ι
1608 1237 1704 1312 Item
1722 1265 1830 1312 vnurrr

494 1380 558 1449 par
581 1359 853 1430 cerothecarum
870 1381 935 1453 pro
951 1354 1119 1452 episcopo
1137 1375 1220 1427 cum
1246 1352 1388 1424 duobus
1413 1348 1585 1422 iocalihus
1609 1352 1833 1444 ymaginibus

494 1467 695 1542 sandiorum
731 1467 862 1540 Jacobi
895 1478 936 1540 et
968 1467 1149 1540 Johannia
1183 1459 1329 1537 inclusis
1370 1473 1410 1536 et
1451 1464 1489 1534 in
1531 1461 1832 1552 circumferencijs

494 1579 816 1652 denuntiaveram
838 1599 951 1650 vnum
968 1579 1153 1671 perditum
1169 1599 1235 1670 per
1251 1576 1439 1648 dominum
1455 1568 1615 1646 nostrum
1633 1569 1830 1644 Henricum

493 1687 699 1783 episcopum
718 1685 991 1760 Morauiensem
1008 1727 1018 1744 ·
1036 1686 1072 1759 (Ι
1084 1687 1182 1759 Item
1199 1709 1293 1760 vnns
1309 1709 1462 1784 magnus
1473 1686 1627 1760 annulus
1647 1707 1776 1756 aureus
1793 1701 1828 1754 et

493 1799 662 1872 notabilis
686 1808 834 1870 tantmn
861 1819 927 1891 pro
952 1794 1119 1893 episcopo
1140 1802 1363 1872 conueniens
1383 1821 1468 1874 cum
1484 1820 1615 1894 magno
1639 1793 1777 1888 saphiro
1794 1813 1831 1866 ct

493 1910 669 2004 lapidibus
704 1903 871 2002 preciosus
900 1904 1048 1980 inclusis
1083 1909 1189 1981 datus
1222 1933 1288 2004 per
1317 1910 1568 1985 Alexandrum
1603 1905 1830 2003 episcopum·

492 2021 525 2090 (Ι
560 2019 655 2091 Item
692 2019 764 2089 duo
802 2017 922 2090 baculi
960 2015 1157 2112 pastorales
1192 2021 1239 2092 de
1276 2033 1427 2118 argento
1460 2045 1612 2116 quorum
1647 2043 1737 2093 vnua
1778 2017 1828 2091 eil

492 2133 684 2204 deauratus
711 2169 720 2186 ·
746 2140 786 2201 et
810 2138 922 2223 caput
942 2127 1094 2201 alterius
1119 2130 1239 2203 baculi
1257 2132 1469 2205 deauratum
1494 2143 1560 2206 ιο(
1576 2131 1703 2206 melior
1719 2133 1824 2204 bacu-

493 2243 548 2315 lus
574 2244 680 2315 datus
697 2263 762 2336 per
777 2237 1032 2312 Alexandrum
1050 2237 1257 2336 episcopum
1276 2283 1284 2300 ·
1303 2243 1338 2312 (Ι
1356 2242 1452 2316 Item
1475 2245 1546 2316 duo
1562 2257 1687 2317 textus
1703 2268 1819 2316 ewan-

490 2355 666 2452 geliorum
685 2375 777 2424 unus
802 2351 850 2423 de
866 2360 1019 2447 argento
1037 2352 1231 2426 deauratus
1248 2366 1287 2426 et
1312 2354 1406 2428 alius
1422 2355 1467 2427 de
1483 2355 1659 2428 auricalco
1684 2358 1829 2428 deaura-

489 2482 549 2540 tus
573 2487 727 2560 quorum
753 2485 846 2536 unus
876 2474 977 2537 caret
1005 2465 1176 2562 ymagine
1203 2467 1312 2540 beate
1338 2467 1519 2561 virginis·
1547 2465 1643 2539 item
1672 2469 1828 2560 quinque

489 2691 603 2765 serate
617 2731 625 2748 ·
640 2689 675 2760 (Ι
692 2688 789 2762 Item
800 2685 863 2761 sex
876 2699 1006 2782 cagete
1016 2711 1148 2784 magne
1159 2711 1313 2782 quarum
1324 2711 1396 2762 vna
1407 2690 1477 2761 suit
1487 2685 1657 2762 dicmur
1669 2705 1828 2783 surripere

488 2803 723 2898 Tynyngharn
751 2799 1034 2874 archidiaconi·
1064 2801 1099 2872 (Ι
1125 2799 1223 2873 Item
1250 2824 1274 2875 a
1298 2813 1382 2898 gret
1405 2800 1541 2875 reum
1566 2824 1649 2874 cum
1676 2815 1828 2896 quatuor

487 2912 708 2987 candelabris
724 2912 818 2984 ereis
835 2911 977 3006 maguis
993 2912 1041 2984 de
1057 2912 1256 2986 donatione
1273 2913 1412 2985 domini
1429 2911 1629 2986 Alexandri
1648 2913 1798 3007 episcopi
1816 2954 1825 2969 ·

487 3024 708 3097 [ltemduo
718 3033 934 3095 ornamenta
945 3045 1012 3117 pro
1025 3023 1178 3118 pedibus
1191 3021 1312 3096 unua
1322 3025 1439 3096 crucia
1450 3046 1533 3097 cum
1545 3024 1685 3096 duobus
1695 3021 1827 3096 cristul-

488 3139 549 3210 lis·
562 3137 596 3206 (Ι
608 3134 704 3207 Item
715 3132 954 3228 quatucralia
965 3133 1184 3206 candelabra
1195 3136 1367 3228 antiqua·
1380 3133 1415 3204 (Ι
1427 3133 1604 3208 ltemduo
1616 3135 1826 3208 candelabra

485 3273 549 3346 pro
566 3270 697 3344 magno
713 3244 821 3319 altari
835 3244 882 3316 de
895 3244 1094 3317 donatione
1105 3241 1266 3340 magistri
1285 3244 1437 3318 Hearici
1451 3245 1580 3340 Rynde
1596 3247 1824 3340 thcl'aurarij·

486 3363 518 3432 ί
532 3360 626 3433 Item
640 3356 915 3431 memorandum
935 3356 1032 3449 quod
1047 3354 1231 3430 Hemicua
1245 3357 1290 3430 de
1302 3357 1470 3452 Lychtcn
1480 3357 1665 3454 episcopus
1674 3361 1826 3432 Abirdo-

486 3467 604 3544 nensis
621 3467 780 3544 contulit
805 3468 976 3540 incudem
996 3489 1164 3564 magnam
1191 3465 1342 3542 ecclesie
1366 3481 1406 3542 et
1434 3473 1613 3544 canonicis
1637 3473 1825 3565 primodie

484 3583 645 3676 Jauuarij
682 3577 819 3678 [anno]
849 3577 999 3652 Domini
1028 3577 1221 3652 millesimo
1259 3577 1609 3678 quadringentesimo
1646 3577 1824 3676 trigesrrrro

485 3695 636 3789 septimo
652 3731 661 3750 ·
680 3692 776 3765 Item
796 3713 869 3764 vna
884 3690 1060 3764 cathedra
1078 3692 1196 3765 ferrea
1213 3733 1221 3750 ·
1240 3692 1339 3766 Itern
1357 3717 1380 3768 a
1396 3689 1547 3768 crell'ent
1564 3708 1623 3768 etc
1641 3735 1650 3752 ·

779 4027 840 4100 Da
858 4048 978 4102 rrrrrrr
999 4048 1046 4100 er
1063 4048 1279 4102 corrasrrs
1297 4049 1338 4101 ru
1358 4049 1486 4102 ernau
1504 4071 1513 4086 ·

484 4257 667 4352 inprimis
692 4255 729 4325 in
755 4249 966 4325 summitate
982 4255 1093 4326 mitre
1111 4255 1148 4324 irr
1175 4265 1279 4348 parte
1295 4255 1476 4326 macriora
1492 4255 1554 4348 xiij
1574 4254 1703 4348 peyrlis
1727 4258 1819 4328 circa

529 4367 563 4440 la
580 4363 786 4460 aneamilyn
805 4396 815 4417 ·

480 4479 575 4554 item
592 4481 629 4554 in
643 4475 939 4552 circumferentia
955 4471 1199 4550 discendendo
1209 4501 1232 4549 a
1243 4473 1484 4551 summitates
1496 4479 1648 4551 dextero
1664 4477 1817 4552 eiulderrr

527 4591 638 4666 latere
650 4590 702 4684 xij
721 4585 871 4684 saphiris
887 4587 927 4682 xj
944 4589 1108 4684 garnatia
1125 4603 1164 4662 ct
1182 4588 1244 4682 viij
1264 4610 1422 4683 pavones
1438 4587 1597 4664 eiusdem
1616 4591 1760 4664 lateris·
