4612 5964
464 725 510 795 46
987 716 1294 792 REGISTRUM
1657 727 1807 822 [secum

461 921 659 994 cathedrali
676 916 911 992 resideneiarn
927 917 1047 991 lacere
1064 912 1285 1010 personalem
1300 926 1338 987 et
1352 917 1447 1008 quod
1462 927 1605 990 tantum
1624 919 1810 996 residenti-

461 1033 528 1104 bus
549 1034 730 1105 canonicis
756 1032 941 1104 cotidiana
960 1025 1034 1102 srue
1051 1027 1305 1100 ebdomadaria
1322 1025 1386 1098 flat
1404 1033 1609 1102 communie
1634 1055 1697 1126 pro
1718 1047 1810 1106 tern-

459 1167 546 1238 pore
571 1143 779 1216 distribucio
806 1155 845 1216 et
870 1143 967 1235 quod
997 1144 1153 1214 decanus
1179 1138 1363 1232 duplicem
1391 1139 1541 1230 recipiat
1568 1147 1807 1216 communiam

461 1277 496 1326 m
548 1259 595 1326 'm
692 1266 769 1326 tem
787 1251 866 1326 ets
884 1253 1049 1326 ecialiter
1090 1253 1162 1324 uod
1206 1261 1337 1322 uatuor
1383 1249 1472 1319 rinei
1499 1248 1575 1322 ales
1647 1251 1748 1325 rsone
1770 1257 1808 1326 in

138 1372 308 1429 aerucam
459 1279 575 1439 soanlsa
597 1279 797 1460 lullcripta
821 1277 1128 1438 adpresrdencildm
1155 1273 1382 1434 tcllneanturll
1395 1271 1566 1431 Decllnua
1589 1273 1652 1454 ἐξ
1675 1366 1808 1436 maiore

137 1439 235 1494 “¹²¹'‘
460 1488 562 1571 parte
588 1480 673 1550 anni
692 1488 842 1550 tenetur
858 1478 1034 1549 continue
1050 1474 1206 1549 residere
1224 1474 1280 1546 vel
1309 1469 1568 1566 interpollatim
1586 1483 1624 1543 et
1641 1473 1708 1546 hoc
1724 1497 1806 1546 cum

135 1606 267 1686 altarum
460 1585 662 1662 installatus
674 1589 788 1660 suerit
804 1587 981 1682 corporali
995 1587 1154 1660 firmabit
1171 1589 1375 1659 iuramento
1389 1622 1399 1643 ·
1414 1583 1612 1656 Preeentor
1622 1583 1808 1660 Cancella·

135 1674 308 1740 ”mmmm
459 1701 533 1770 rius
549 1698 804 1771 Thesanrariua
830 1707 1005 1770 tenentur
1021 1695 1175 1771 relidere
1193 1721 1258 1792 per
1273 1697 1464 1768 dimidium
1482 1717 1619 1766 annum
1636 1699 1807 1769 continue

462 1809 517 1881 rel
547 1809 810 1902 interpollatim
841 1807 908 1880 tali
941 1809 1113 1881 videlieet
1142 1809 1305 1880 adhibito
1335 1807 1582 1880 moderamine
1608 1809 1703 1900 quod
1731 1821 1805 1882 tam

460 1923 621 1992 canonici
640 1916 819 2013 simplices
833 1941 941 2011 quam
961 1921 998 1992 in
1014 1920 1194 2014 dignitate
1210 1916 1397 1990 constituti
1416 1927 1572 2012 excepto
1585 1917 1658 1992 solo
1671 1921 1806 1994 decane

459 2033 521 2123 qui
551 2033 596 2102 dc
625 2031 778 2102 licencia
807 2026 963 2122 episcopi
995 2028 1121 2100 decani
1149 2039 1188 2100 et
1214 2029 1364 2123 capituli
1394 2031 1431 2099 in
1459 2025 1612 2102 seruicia
1640 2028 1804 2104 steterint

136 2153 404 2236 adoptaturam·
459 2145 553 2236 regia
579 2139 653 2212 sure
681 2141 814 2234 proprij
841 2137 998 2232 episcopi
1024 2151 1088 2210 aut
1114 2141 1151 2208 in
1178 2136 1281 2210 scolis
1306 2151 1577 2211 commorantur
1600 2141 1806 2215 nullatenus

137 2224 332 2289 ‘mmmm‘
459 2263 653 2323 teneantur
687 2249 842 2322 relidere
872 2246 1117 2320 discernentes
1148 2258 1188 2318 vt
1218 2259 1292 2320 tam
1328 2251 1480 2320 maiores
1509 2273 1617 2342 quam
1651 2255 1805 2326 minores

458 2365 619 2434 canonici
638 2377 676 2432 ct
694 2361 856 2432 maxime
874 2361 911 2430 in
930 2361 1109 2454 dignitate
1127 2356 1313 2430 constituti
1338 2381 1403 2452 per
1419 2361 1596 2432 decanum
1614 2375 1652 2434 et
1669 2367 1806 2458 capitu·

458 2472 533 2543 lum
560 2471 756 2544 seeundum
783 2471 879 2563 quod
907 2468 1013 2566 supra
1039 2468 1209 2564 scriptum
1235 2465 1287 2540 csl
1312 2481 1419 2563 prout
1446 2473 1560 2566 magis
1582 2472 1735 2545 viderint
1758 2477 1802 2548 ad

459 2583 653 2656 utilitatem
673 2577 824 2655 ecclesie
842 2581 1016 2675 expedire
1031 2580 1077 2654 ad
1095 2577 1327 2654 relidenciam
1344 2580 1634 2674 compellantur·

712 2803 770 2878 De
787 2805 907 2877 officio
923 2805 1164 2878 archidiaconi
1183 2818 1222 2876 et
1240 2807 1318 2876 eiua
1334 2799 1530 2877 residencia
1547 2845 1556 2862 ·

459 3027 504 3096 lit
525 3027 608 3118 quia
626 3027 670 3096 ad
689 3027 847 3096 officium
872 3025 1113 3098 archidiaconi
1135 3025 1270 3119 sicelet
1298 3028 1519 3120 prouinciam
1545 3049 1610 3121 pro
1626 3033 1804 3126 corrigen-

456 3138 510 3208 dis
528 3132 728 3208 excellibua
754 3137 947 3207 circumire
974 3132 1165 3207 statuimus
1189 3138 1283 3228 quod
1302 3139 1346 3208 ad
1366 3136 1502 3210 nullam
1529 3149 1697 3212 teneatur
1721 3139 1803 3216 reli·

455 3249 620 3320 dcnciam
647 3245 871 3341 personalem
899 3243 966 3318 nisr
994 3247 1067 3319 iltis
1092 3247 1220 3318 dicbus
1236 3250 1366 3340 quibus
1392 3251 1531 3320 ratione
1555 3250 1660 3344 ellicij
1686 3253 1737 3324 sui
1765 3255 1801 3325 ia

455 3353 606 3431 ecclesa
630 3357 830 3430 cathedrali
850 3379 1022 3428 raecum
1040 3355 1205 3452 episeopo
1225 3371 1372 3431 tenetur
1388 3357 1622 3453 personaliter
1638 3361 1802 3436 interesse

455 3483 493 3540 rt
512 3479 601 3562 pata
615 3470 650 3540 in
665 3469 787 3560 capite
802 3467 934 3562 leiurrij
949 3480 988 3540 ct
1007 3471 1042 3540 in
1057 3471 1116 3540 dic
1130 3471 1324 3542 Cenaeum
1340 3473 1531 3542 coniicitur
1542 3470 1667 3546 crisma
1680 3475 1798 3546 oleam

455 3579 612 3652 landum
631 3594 668 3650 ct
688 3579 914 3650 infirmorum
935 3575 996 3652 scu
1014 3581 1094 3672 alijs
1111 3581 1305 3652 maioribus
1323 3577 1420 3653 sestis
1437 3584 1521 3653 anni
1541 3623 1549 3638 ·

846 3797 905 3872 De
923 3799 1040 3872 officio
1059 3803 1270 3874 vicariorum
1289 3801 1415 3875 chori·

458 4023 509 4094 l't
544 4036 667 4094 autem
708 4021 879 4096 omnibus
917 4023 1186 4118 imperpetuum
1225 4026 1447 4118 temporibus
1480 4028 1518 4098 in
1553 4033 1800 4122 prenominata

453 4130 604 4207 ccclcha
628 4131 828 4205 cathedrali
855 4133 900 4206 ad
928 4133 1072 4207 laudem
1099 4137 1232 4210 Saaelc
1250 4135 1438 4208 Trinitatis
1454 4151 1492 4211 et
1514 4139 1620 4212 beate
1639 4139 1799 4238 l'irginis

455 4245 573 4318 Mario
598 4255 637 4316 et
664 4243 762 4316 beati
791 4241 973 4339 Macherij
1000 4246 1165 4320 diuinum
1193 4247 1382 4320 seruicium
1409 4261 1586 4346 augeatur
1611 4249 1800 4328 statuimus

133 4349 422 4418 ttttrlflltstlfflll
452 4355 546 4448 quod
574 4353 711 4449 septem
736 4348 808 4426 liat
833 4350 1037 4428 sacerdotes
1058 4360 1179 4452 vicarij
1204 4361 1240 4432 in
1264 4358 1362 4434 diela
1384 4357 1533 4435 ecclelia
1558 4361 1800 4439 ministrantes

450 4467 498 4540 dc
523 4467 655 4558 qnihna
684 4465 776 4538 deoc
803 4467 841 4539 in
872 4466 1038 4560 qualibet
1070 4469 1269 4544 ebdomada
1304 4470 1577 4546 ebdomadario·
1605 4476 1651 4547 ad
1684 4473 1799 4550 millae

451 4578 584 4650 cotidie
611 4599 695 4650 eum
721 4587 832 4650 eante
859 4588 899 4652 et
925 4591 1014 4654 nota
1039 4579 1211 4656 dicendas
1235 4577 1489 4656 constituimur
1513 4607 1586 4678 qua
1610 4585 1713 4659 finita
1738 4589 1799 4658 ch-

5 5645 1309 5680 ...μ-Νι*
1317 5649 1448 5665 unu-
1454 5649 1549 5665 ιιι-ιιι
1562 5647 1709 5668 ..ιι-..ιιι
1717 5646 2080 5666 α’..-Δ-ο-ᾏ-ι
2086 5651 2102 5666 ιι
