4612 5964
516 749 619 847 xvc]
985 756 1394 832 nnnnnonnnsn.
1816 769 1862 837 9³

515 948 774 1028 interesoentes
791 978 839 1028 ex
857 958 952 1030 ditia
977 958 1153 1031 facultate
1178 953 1368 1028 sustentati
1386 965 1424 1026 et
1442 977 1506 1047 per
1530 954 1665 1026 ditium
1692 978 1861 1029 reueren-

512 1061 599 1132 dum
625 1073 767 1157 patrem
785 1079 825 1141 et
841 1067 945 1141 suum
964 1071 1164 1164 capitulum
1187 1062 1326 1140 admiffi
1344 1075 1383 1136 et
1399 1062 1555 1136 instituti
1579 1075 1687 1158 prout
1705 1089 1751 1138 ex
1770 1080 1859 1140 tunc

511 1171 651 1248 eosdem
679 1181 812 1276 viginti
835 1185 986 1255 vicarios
1010 1182 1137 1254 annuli
1163 1178 1217 1251 sui
1239 1179 1361 1272 digitis
1385 1173 1603 1272 singulorum
1630 1173 1857 1272 impositione

511 1284 673 1378 instituit
694 1301 735 1365 et
751 1289 896 1367 admisit
921 1291 971 1366 stc
996 1293 1166 1365 videlicet
1187 1290 1282 1382 quod
1300 1289 1338 1360 in
1357 1289 1518 1360 futurum
1544 1312 1616 1362 non
1642 1287 1688 1362 fit
1714 1289 1855 1363 licitum

508 1401 725 1498 cuicumque
738 1403 883 1478 eosdem
898 1406 1047 1477 vicarios
1063 1397 1130 1474 nisa
1144 1401 1404 1494 depriuationis
1421 1399 1526 1473 causa
1542 1402 1587 1473 de
1604 1403 1682 1474 iure
1695 1400 1855 1496 exprella

508 1523 616 1604 prout
642 1518 802 1589 vixerint
827 1537 1015 1588 remouere
1042 1512 1104 1584 feu
1132 1514 1322 1606 depriuare
1339 1553 1348 1570 ·
1367 1511 1427 1584 sed
1453 1524 1596 1584 tantum
1614 1516 1768 1587 cedente
1795 1514 1852 1586 vel

507 1623 708 1700 decedente
733 1628 855 1723 aliquo
880 1635 945 1700 aut
969 1625 1150 1717 aliquibus
1178 1625 1421 1718 prediitorum
1450 1623 1542 1698 alter
1566 1637 1629 1697 aut
1659 1626 1779 1720 plures
1813 1629 1850 1698 in

505 1758 630 1810 eorum
648 1738 737 1812 locis
754 1740 856 1812 etad
874 1735 1015 1810 casdem
1039 1736 1102 1808 seu
1129 1737 1282 1809 eandem
1300 1732 1588 1809 distributionem
1607 1735 1668 1810 seu
1686 1734 1851 1811 distribu-

503 1850 622 1923 tiones
638 1846 779 1923 institui
797 1851 955 1923 debeam
971 1860 1010 1922 et
1027 1850 1164 1943 imponi
1182 1889 1191 1906 ·
1210 1847 1368 1942 Duoque
1393 1835 1533 1921 diaconi
1551 1849 1622 1922 duo
1642 1847 1848 1922 subdiaconi

503 1961 575 2033 duo
591 1961 735 2034 accoliti
752 1985 843 2035 vnus
857 1959 1000 2036 sacrista
1011 1972 1051 2035 et
1064 1962 1232 2034 vndecim
1245 1963 1347 2057 pueri
1361 1963 1465 2033 iuxta
1476 1957 1734 2056 infrascriptam
1748 1960 1846 2034 suam

501 2073 539 2142 in
557 2074 664 2145 modo
682 2077 744 2169 qui
762 2073 926 2169 sequitur
941 2071 1230 2148 distributionem
1247 2073 1414 2147 collocari
1433 2073 1519 2146 fecit
1533 2113 1542 2130 ·
1557 2097 1664 2166 quam
1682 2071 1849 2147 distribu-

499 2185 638 2257 tionem
664 2196 704 2260 et
729 2190 963 2282 partitionem
987 2189 1082 2261 <litte
1107 2186 1293 2260 facultatis
1308 2209 1374 2281 pro
1391 2197 1565 2281 perpetuo
1589 2185 1849 2288 inuiolabiliter

500 2293 760 2372 obseruandum
772 2303 934 2398 precepit
945 2311 984 2374 et
995 2302 1178 2373 ordinauit
1191 2309 1231 2372 et
1240 2296 1449 2372 seruandam
1462 2299 1709 2372 indubitanter
1719 2297 1847 2374 statuit

498 2417 536 2478 et
557 2408 747 2484 decreuit·
767 2412 928 2487 Monens
952 2436 1079 2486 omnes
1103 2423 1143 2485 et
1167 2407 1326 2507 lingulas
1350 2409 1605 2505 cuiuscumque
1627 2413 1845 2484 conditionis

499 2514 613 2593 flatus
627 2525 762 2619 gradus
787 2536 854 2599 aut
879 2527 1083 2599 eminencie
1108 2520 1269 2597 existant
1294 2545 1341 2596 ne
1365 2523 1560 2616 predium
1586 2521 1686 2596 suam
1703 2526 1845 2598 ordina·

496 2633 635 2706 tionem
653 2633 946 2709 distributionem
970 2647 1184 2732 perpetuam
1201 2644 1242 2706 et
1258 2634 1492 2729 partitionem
1508 2644 1549 2705 vt
1572 2633 1734 2728 sequitur
1758 2660 1846 2731 quo-

495 2742 690 2837 uifquefito
719 2748 840 2822 colore
866 2751 1047 2822 contraire
1069 2747 1265 2842 infringere
1294 2757 1358 2817 aut
1386 2747 1630 2819 contradicere
1656 2745 1842 2841 quisquam

495 2854 677 2947 presumat
689 2857 756 2932 sub
772 2883 869 2954 pena
884 2859 1273 2933 excommunicationis
1285 2859 1429 2928 maioris
1446 2879 1553 2951 quam
1567 2859 1604 2929 iu
1622 2861 1841 2931 contrarium

494 2967 688 3042 facientem
715 2968 791 3066 ipso
816 2973 911 3045 fatto
929 2974 1093 3045 incutere
1116 2969 1232 3041 voluit
1248 2979 1288 3042 et
1306 2968 1385 3040 vult
1402 2991 1466 3064 per
1491 2966 1674 3062 presentes
1698 3011 1707 3028 ·
1731 2970 1842 3044 Leda

493 3089 531 3150 et
555 3082 634 3154 atta
654 3082 805 3157 fuerunt
833 3085 900 3158 hec
924 3085 1018 3158 infra
1046 3079 1235 3157 ecclesiam
1265 3091 1305 3154 et
1331 3081 1529 3177 capitulum
1554 3079 1713 3154 eiusdem
1739 3097 1842 3156 antc-

492 3192 623 3265 dittam
642 3218 739 3267 anno
757 3197 817 3270 die
834 3193 957 3270 mense
974 3207 1013 3270 et
1030 3195 1111 3269 loco
1128 3195 1330 3289 prenotatis
1347 3233 1356 3250 ·

492 3525 708 3603 Distributio
736 3542 776 3607 et
805 3531 993 3632 affignatio
1019 3532 1205 3608 facultatis
1232 3533 1485 3604 canonicorum
1512 3525 1657 3626 insignis
1687 3530 1837 3604 ecclelia

490 3644 707 3718 cathedralis
732 3641 1005 3721 Abcrdonenlis
1030 3646 1111 3720 atta
1127 3656 1167 3719 et
1183 3642 1368 3738 publicata
1384 3643 1420 3713 in
1439 3643 1545 3713 domo
1571 3643 1759 3736 capitulari
1778 3647 1837 3716 dic

488 3752 594 3828 Jouis
619 3753 774 3850 septimo
801 3761 861 3832 die
887 3755 1010 3832 mense
1036 3757 1129 3851 Maij
1156 3776 1252 3830 anno
1278 3751 1426 3825 Domini
1453 3751 1640 3826 millellmo
1661 3760 1837 3852 quingen-

489 3862 615 3939 tesimo
632 3866 737 3943 sexto
754 3911 763 3928 ·

587 4092 854 4170 Canonicorum
872 4095 1022 4192 capituli
1039 4089 1311 4168 Aberdonenfts
1335 4091 1451 4185 quoad
1470 4092 1619 4164 vicarios
1636 4094 1832 4166 eorundem

586 4205 624 4277 in
641 4205 752 4282 choro
770 4207 924 4282 facultas
940 4219 980 4280 vt
997 4205 1178 4302 sequitur·

489 4426 531 4501 ln
558 4429 685 4526 primis
705 4431 985 4507 de‘canonlcatu
1011 4443 1052 4504 et
1076 4431 1261 4528 probanda
1285 4429 1422 4502 domiai
1448 4424 1556 4500 nostri
1578 4427 1733 4525 episcopi

585 4542 1063 4640 prediaiannoquofupra
1160 4596 1169 4615 .
1272 4596 1281 4613 .
1363 4540 1476 4634 vjtiu
1494 4542 1556 4634 xiij
1574 4538 1609 4613 ll.
1628 4543 1678 4635 iiij
1696 4539 1732 4614 d.
1865 4589 1874 4606 .
