4526 5954
551 753 624 824 960
1075 747 1382 823 nemausum
1741 757 1895 856 [secum

550 951 663 1044 preda
684 951 796 1026 suerit
821 952 937 1025 donee
963 949 1137 1022 reddatur
1160 948 1286 1019 diuina
1309 950 1498 1042 prohibeat
1521 951 1721 1026 celebrari·
1740 957 1803 1031 Ad
1826 957 1894 1030 hee

549 1060 732 1139 sententia
742 1060 982 1138 ecclesiastica
990 1064 1029 1134 in
1042 1059 1291 1132 malefasores
1303 1059 1458 1154 ipsorum
1469 1063 1621 1134 fratrum
1634 1064 1773 1156 perlata
1783 1070 1894 1141 inter·

550 1177 640 1250 dum
656 1174 732 1250 line
756 1175 994 1250 satisiadtione
1019 1195 1179 1268 congrua
1195 1172 1381 1246 relaxatur
1397 1177 1489 1248 vnde
1513 1177 1668 1270 contigit
1683 1179 1779 1271 qnod
1806 1175 1890 1273 palli

550 1290 720 1362 iniuriam
737 1286 801 1362 sua
825 1313 899 1361 non
923 1295 1142 1390 recuperant
1166 1305 1235 1354 nee
1261 1285 1457 1359 inferentes
1481 1286 1681 1358 liberantur
1703 1313 1726 1360 a
1750 1290 1857 1384 culpa
1881 1341 1890 1358 .

550 1399 772 1494 presentium
798 1401 901 1472 vobis
920 1399 1137 1471 authoritate
1154 1397 1378 1492 iniungimus
1396 1409 1435 1472 vt
1451 1396 1665 1470 sententiam
1683 1423 1891 1473 excommu-

549 1515 743 1586 nicationis
759 1513 819 1586 vel
845 1511 1029 1583 interdidi
1055 1517 1204 1602 propter
1229 1508 1302 1580 iarn
1328 1511 1440 1584 ditias
1459 1513 1586 1583 fratres
1611 1513 1648 1582 in
1674 1535 1889 1607 quemquam

550 1624 728 1718 perlatam
757 1634 845 1695 ante
873 1619 1147 1693 latitationem
1177 1641 1375 1716 congruam
1401 1647 1471 1695 non
1499 1620 1645 1695 soluatis
1675 1647 1742 1696 nec
1771 1625 1890 1718 aliqua

549 1737 759 1808 temeritate
775 1731 964 1827 patiamini
981 1730 1143 1802 violare·
1164 1730 1303 1804 Datum
1321 1733 1488 1822 Laterani
1515 1758 1565 1808 xv
1582 1733 1767 1810 Kalendas
1786 1735 1889 1832 Junij

549 1839 781 1941 pontificatus
807 1839 918 1914 nostri
935 1864 1031 1914 auno
1048 1843 1165 1935 primo
1185 1885 1194 1902 ·

547 2180 635 2253 Alia
652 2180 754 2254 bulla
770 2179 968 2253 earundem
988 2179 1141 2252 fratrum
1160 2219 1169 2236 ·

547 2377 751 2482 Honorius
776 2404 961 2500 episcopus
986 2399 1111 2475 seruus
1127 2400 1312 2475 seruorum
1340 2404 1408 2477 Dei
1435 2409 1698 2482 venerabilibus
1714 2411 1884 2487 iratribus

544 2515 820 2613 archiepiscopis
836 2526 875 2588 et
892 2511 1068 2610 episeopis
1092 2525 1132 2588 et
1157 2515 1301 2588 diledtis
1325 2517 1407 2611 lilijs
1430 2518 1619 2594 abbatibus
1643 2524 1820 2618 prioribus
1845 2541 1884 2599 et

543 2634 623 2727 alijs
657 2626 888 2704 ecclesiarum
922 2627 1071 2720 prelatis
1105 2628 1150 2700 ad
1179 2651 1269 2721 quos
1298 2629 1477 2722 presentes
1511 2630 1616 2704 litere
1649 2639 1883 2726 peruenerint

543 2743 698 2819 salutem
708 2751 749 2816 et
759 2738 991 2838 apostolicam
1002 2739 1385 2813 bononiensem-Ex
1396 2753 1496 2836 parte
1507 2743 1719 2817 dilectorum
1730 2745 1882 2821 fratrum

545 2858 679 2930 milicie
696 2853 825 2949 templi
844 2853 914 2924 suit
934 2847 1156 2947 proposrtum
1176 2873 1298 2924 coram
1316 2853 1417 2925 nobis
1440 2855 1634 2946 quodcum
1653 2853 1718 2952 ipsr
1735 2863 1881 2934 tertiam

545 2983 684 3064 partem
703 2967 866 3038 omnium
883 2964 1061 3037 bonorum
1079 2961 1225 3035 suarum
1242 2961 1426 3035 hominum
1445 2967 1505 3058 qui
1524 2963 1601 3059 post
1618 2965 1654 3040 sc
1670 2971 1882 3066 relinquunt

542 3082 712 3154 heredem
730 3077 824 3150 soliti
844 3075 927 3148 suat
952 3077 1138 3170 percipere
1163 3098 1205 3148 ac
1230 3075 1461 3148 medietatem
1490 3077 1633 3150 illorum
1661 3083 1721 3174 qui
1748 3085 1881 3179 absque

542 3192 735 3266 heredibus
763 3189 819 3261 vel
852 3187 1024 3260 uxoribus
1050 3186 1234 3260 decedunt
1261 3200 1301 3258 et
1326 3189 1433 3260 ctiam
1459 3190 1622 3264 homines
1646 3190 1709 3288 ipsi
1738 3198 1783 3270 ad
1812 3199 1879 3272 boc

541 3306 612 3378 lide
629 3299 746 3399 posrta
758 3311 973 3374 tencantur·
987 3295 1184 3394 presbyteri
1196 3312 1236 3371 et
1248 3297 1367 3373 clerici
1386 3304 1528 3374 tertiam
1547 3317 1684 3396 partem
1704 3313 1879 3401 portionis

540 3441 612 3511 que
629 3414 723 3512 ipsos
741 3417 870 3488 iratres
887 3413 933 3484 de
951 3413 1030 3485 iure
1047 3415 1229 3508 contingit
1255 3409 1319 3485 fibi
1339 3413 1542 3507 prclhmunt
1559 3429 1685 3492 contra
1701 3417 1876 3496 iusticiam

542 3531 732 3603 vendicare
757 3526 937 3623 prediaos
964 3526 1093 3598 iratres
1120 3523 1186 3597 snb
1209 3547 1253 3598 ca
1277 3522 1583 3599 molestationibus
1607 3530 1779 3606 indebitis
1795 3533 1878 3608 fati·

538 3654 668 3738 gentes
685 3641 803 3714 ·Oum
817 3641 930 3734 igitur
942 3635 1076 3709 eisdem
1091 3637 1262 3710 iratribus
1275 3639 1335 3730 qui
1352 3635 1533 3733 presertim
1552 3640 1619 3714 hoc
1633 3653 1796 3738 tempore
1812 3669 1876 3742 pru

540 3753 685 3828 seruitio
702 3749 789 3825 Jesu
804 3745 936 3824 Christi
955 3760 1146 3843 exponunt
1162 3748 1199 3822 sc
1217 3749 1343 3822 multis
1358 3749 1522 3842 periculis
1538 3760 1578 3821 et
1594 3750 1760 3848 expensis
1776 3759 1876 3831 indc-

538 3867 617 3938 bits
645 3865 770 3938 inferri
805 3861 975 3934 nolumus
1001 3865 1212 3958 grauamina
1245 3859 1306 3934 sed
1333 3875 1433 3956 pata
1461 3857 1613 3938 subsidia
1647 3863 1873 3942 ministrare·

541 3972 780 4052 Vniuersrtati
799 3968 914 4046 vestre
931 3996 997 4068 per
1013 3971 1207 4068 apostolica
1224 3971 1354 4068 scripta
1377 3971 1586 4047 mandamus
1602 3986 1642 4050 ct
1658 3982 1875 4074 precipimus

538 4091 710 4186 quatinus
727 4081 952 4184 presbyteros
969 4094 1008 4158 et
1025 4085 1175 4159 elericos
1197 4081 1396 4158 antedidos
1412 4095 1454 4156 ut
1470 4085 1516 4158 ab
1533 4087 1693 4160 indebita
1709 4089 1875 4166 molesta·

538 4205 640 4276 tione
657 4201 926 4274 nominatarum
944 4196 1097 4270 fratrum
1115 4195 1399 4291 superpartiens
1415 4197 1484 4268 iam
1503 4198 1596 4272 dista
1608 4202 1754 4294 penitus
1770 4201 1874 4277 desus-

539 4327 661 4388 tcntes
686 4335 766 4387 eam
791 4309 1009 4406 permittant
1035 4303 1127 4381 licut
1151 4307 1307 4380 habetur
1326 4307 1371 4379 de
1394 4309 1590 4404 approbata
1612 4312 1872 4390 consuetudine

538 4427 711 4502 lrastenus
744 4420 933 4518 pbseruata
966 4415 1050 4514 ipsas
1084 4418 1256 4492 fratribus
1289 4417 1433 4515 pacifice
1464 4419 1637 4518 possidere
1669 4429 1873 4504 monitione

538 4535 703 4638 premissa
715 4531 979 4634 percensuram
992 4526 1267 4606 ecelesralhcam
1278 4529 1415 4606 sublato
1426 4535 1676 4631 appellationis
1685 4536 1872 4616 obilscnln

536 4650 764 4748 compelletis
777 4645 901 4724 taliter
910 4644 1123 4718 mandatum
1135 4639 1367 4740 apostolicum
1381 4647 1528 4742 implere
1537 4651 1632 4744 qued
1645 4673 1717 4724 non
1731 4649 1870 4747 pellitis
