<?xml version="1.0" encoding="UTF-8"?>
<!DOCTYPE html PUBLIC "-//W3C//DTD XHTML 1.0 Transitional//EN"
    "http://www.w3.org/TR/xhtml1/DTD/xhtml1-transitional.dtd">
<html xmlns="http://www.w3.org/1999/xhtml" xml:lang="en" lang="en">
 <head>
  <title>
</title>
<meta http-equiv="Content-Type" content="text/html;charset=utf-8" />
  <meta name='ocr-system' content='tesseract 3.04.00' />
  <meta name='ocr-capabilities' content='ocr_page ocr_carea ocr_par ocr_line ocrx_word'/>
</head>
<body>
  <div class='ocr_page' id='page_1' title='image "./registrumepisco00innegoog_0115.png"; bbox 0 0 4612 5964; ppageno 0'>
   <div class='ocr_carea' id='block_1_1' title="bbox 451 707 1798 811">
    <p class='ocr_par' dir='ltr' id='par_1_1' title="bbox 451 707 1798 811">
     <span class='ocr_line' id='line_1_1' title="bbox 451 707 1798 811; baseline 0.008 -36"><span class='ocrx_word' id='word_1_1' title='bbox 451 719 498 790; x_wconf 80' lang='lat'>60</span> <span class='ocrx_word' id='word_1_2' title='bbox 969 707 1277 783; x_wconf 83' lang='lat' dir='ltr'>REGISTRUM</span> <span class='ocrx_word' id='word_1_3' title='bbox 1643 715 1798 811; x_wconf 82' lang='lat' dir='ltr'>[sucum</span> 
     </span>
    </p>
   </div>
   <div class='ocr_carea' id='block_1_2' title="bbox 451 902 1799 1120">
    <p class='ocr_par' dir='ltr' id='par_1_2' title="bbox 451 902 1799 1120">
     <span class='ocr_line' id='line_1_2' title="bbox 451 902 1799 1004; baseline -0.003 -17"><span class='ocrx_word' id='word_1_4' title='bbox 451 915 550 987; x_wconf 71' lang='lat' dir='ltr'>ducti</span> <span class='ocrx_word' id='word_1_5' title='bbox 568 923 608 986; x_wconf 86' lang='lat' dir='ltr'>et</span> <span class='ocrx_word' id='word_1_6' title='bbox 624 911 753 985; x_wconf 64' lang='lat' dir='ltr'>affeetu</span> <span class='ocrx_word' id='word_1_7' title='bbox 779 912 816 982; x_wconf 95' lang='lat' dir='ltr'>in</span> <span class='ocrx_word' id='word_1_8' title='bbox 840 910 897 982; x_wconf 92' lang='lat' dir='ltr'>dei</span> <span class='ocrx_word' id='word_1_9' title='bbox 915 907 1089 980; x_wconf 84' lang='lat' dir='ltr'>honorem</span> <span class='ocrx_word' id='word_1_10' title='bbox 1115 902 1311 998; x_wconf 85' lang='lat' dir='ltr'>matrisque</span> <span class='ocrx_word' id='word_1_11' title='bbox 1336 903 1399 976; x_wconf 89' lang='lat' dir='ltr'>sne</span> <span class='ocrx_word' id='word_1_12' title='bbox 1424 908 1613 982; x_wconf 71' lang='lat' dir='ltr'>benedicto</span> <span class='ocrx_word' id='word_1_13' title='bbox 1630 911 1799 1004; x_wconf 66' lang='lat' dir='ltr'>disceque</span> 
     </span>
     <span class='ocr_line' id='line_1_3' title="bbox 452 1013 1799 1120; baseline -0.001 -24"><span class='ocrx_word' id='word_1_14' title='bbox 452 1024 588 1098; x_wconf 76' lang='lat' dir='ltr'><strong>fabrice</strong></span> <span class='ocrx_word' id='word_1_15' title='bbox 605 1024 916 1097; x_wconf 78' lang='lat' dir='ltr'>continuationem</span> <span class='ocrx_word' id='word_1_16' title='bbox 933 1029 972 1120; x_wconf 66' lang='lat' dir='ltr'>et</span> <span class='ocrx_word' id='word_1_17' title='bbox 990 1015 1148 1091; x_wconf 87' lang='lat' dir='ltr'>eiusdem</span> <span class='ocrx_word' id='word_1_18' title='bbox 1168 1017 1290 1111; x_wconf 90' lang='lat' dir='ltr'>potius</span> <span class='ocrx_word' id='word_1_19' title='bbox 1306 1013 1569 1110; x_wconf 80' lang='lat' dir='ltr'>suppletionem</span> <span class='ocrx_word' id='word_1_20' title='bbox 1587 1020 1799 1094; x_wconf 76' lang='lat' dir='ltr'>nsi‘estautes</span> 
     </span>
    </p>
   </div>
   <div class='ocr_carea' id='block_1_3' title="bbox 450 1125 1799 3649">
    <p class='ocr_par' dir='ltr' id='par_1_3' title="bbox 450 1125 1799 2998">
     <span class='ocr_line' id='line_1_4' title="bbox 453 1125 1799 1227; baseline -0.001 -20"><span class='ocrx_word' id='word_1_21' title='bbox 453 1146 494 1209; x_wconf 83' lang='lat' dir='ltr'>vt</span> <span class='ocrx_word' id='word_1_22' title='bbox 529 1145 704 1209; x_wconf 84' lang='lat' dir='ltr'>tenentur</span> <span class='ocrx_word' id='word_1_23' title='bbox 725 1135 771 1206; x_wconf 92' lang='lat' dir='ltr'>ad</span> <span class='ocrx_word' id='word_1_24' title='bbox 800 1129 908 1227; x_wconf 87' lang='lat' dir='ltr'>ipfius</span> <span class='ocrx_word' id='word_1_25' title='bbox 933 1132 1067 1204; x_wconf 83' lang='lat' dir='ltr'>fabrice</span> <span class='ocrx_word' id='word_1_26' title='bbox 1096 1125 1396 1201; x_wconf 88' lang='lat' dir='ltr'>sustentationem</span> <span class='ocrx_word' id='word_1_27' title='bbox 1422 1131 1731 1204; x_wconf 78' lang='lat' dir='ltr'>continuationem</span> <span class='ocrx_word' id='word_1_28' title='bbox 1759 1145 1799 1205; x_wconf 89' lang='lat' dir='ltr'>et</span> 
     </span>
     <span class='ocr_line' id='line_1_5' title="bbox 452 1239 1799 1341; baseline -0.005 -21"><span class='ocrx_word' id='word_1_29' title='bbox 452 1247 712 1341; x_wconf 70' lang='lat' dir='ltr'>perfectionem</span> <span class='ocrx_word' id='word_1_30' title='bbox 730 1245 776 1316; x_wconf 90' lang='lat' dir='ltr'>de</span> <span class='ocrx_word' id='word_1_31' title='bbox 802 1245 903 1316; x_wconf 91' lang='lat' dir='ltr'>bonis</span> <span class='ocrx_word' id='word_1_32' title='bbox 920 1239 991 1314; x_wconf 87' lang='lat' dir='ltr'>suis</span> <span class='ocrx_word' id='word_1_33' title='bbox 1007 1243 1161 1337; x_wconf 89' lang='lat' dir='ltr'>propriis</span> <span class='ocrx_word' id='word_1_34' title='bbox 1177 1249 1278 1313; x_wconf 86' lang='lat' dir='ltr'>certo</span> <span class='ocrx_word' id='word_1_35' title='bbox 1302 1250 1341 1311; x_wconf 88' lang='lat' dir='ltr'>et</span> <span class='ocrx_word' id='word_1_36' title='bbox 1367 1240 1531 1310; x_wconf 87' lang='lat' dir='ltr'>ordinato</span> <span class='ocrx_word' id='word_1_37' title='bbox 1547 1242 1655 1312; x_wconf 92' lang='lat' dir='ltr'>modo</span> <span class='ocrx_word' id='word_1_38' title='bbox 1673 1243 1799 1316; x_wconf 86' lang='lat' dir='ltr'>leuan-</span> 
     </span>
     <span class='ocr_line' id='line_1_6' title="bbox 454 1348 1796 1452; baseline -0.003 -24"><span class='ocrx_word' id='word_1_39' title='bbox 454 1359 518 1430; x_wconf 88' lang='lat' dir='ltr'>das</span> <span class='ocrx_word' id='word_1_40' title='bbox 535 1355 724 1452; x_wconf 82' lang='lat' dir='ltr'>sexaginta</span> <span class='ocrx_word' id='word_1_41' title='bbox 748 1355 856 1428; x_wconf 87' lang='lat' dir='ltr'>libras</span> <span class='ocrx_word' id='word_1_42' title='bbox 874 1351 1125 1448; x_wconf 81' lang='lat' dir='ltr'>sterlingorum</span> <span class='ocrx_word' id='word_1_43' title='bbox 1150 1348 1320 1448; x_wconf 82' lang='lat' dir='ltr'>magistro</span> <span class='ocrx_word' id='word_1_44' title='bbox 1337 1353 1453 1445; x_wconf 91' lang='lat' dir='ltr'>operis</span> <span class='ocrx_word' id='word_1_45' title='bbox 1478 1351 1574 1422; x_wconf 74' lang='lat' dir='ltr'>diue</span> <span class='ocrx_word' id='word_1_46' title='bbox 1599 1352 1734 1426; x_wconf 85' lang='lat' dir='ltr'>fabrico</span> <span class='ocrx_word' id='word_1_47' title='bbox 1751 1355 1796 1426; x_wconf 89' lang='lat' dir='ltr'>ad</span> 
     </span>
     <span class='ocr_line' id='line_1_7' title="bbox 455 1458 1796 1556; baseline -0.004 -16"><span class='ocrx_word' id='word_1_48' title='bbox 455 1469 545 1540; x_wconf 91' lang='lat' dir='ltr'>duos</span> <span class='ocrx_word' id='word_1_49' title='bbox 575 1469 662 1540; x_wconf 88' lang='lat' dir='ltr'>anni</span> <span class='ocrx_word' id='word_1_50' title='bbox 691 1467 865 1538; x_wconf 88' lang='lat' dir='ltr'>terminos</span> <span class='ocrx_word' id='word_1_51' title='bbox 894 1465 939 1536; x_wconf 89' lang='lat' dir='ltr'>ad</span> <span class='ocrx_word' id='word_1_52' title='bbox 964 1462 1094 1536; x_wconf 85' lang='lat' dir='ltr'>sestam</span> <span class='ocrx_word' id='word_1_53' title='bbox 1123 1464 1294 1536; x_wconf 78' lang='lat' dir='ltr'>uidesicet</span> <span class='ocrx_word' id='word_1_54' title='bbox 1318 1458 1536 1556; x_wconf 86' lang='lat' dir='ltr'>pentecostis</span> <span class='ocrx_word' id='word_1_55' title='bbox 1560 1462 1796 1534; x_wconf 88' lang='lat' dir='ltr'>medietatem</span> 
     </span>
     <span class='ocr_line' id='line_1_8' title="bbox 453 1571 1798 1672; baseline -0.004 -20"><span class='ocrx_word' id='word_1_56' title='bbox 453 1579 636 1672; x_wconf 84' lang='lat' dir='ltr'>aliamque</span> <span class='ocrx_word' id='word_1_57' title='bbox 661 1577 897 1648; x_wconf 87' lang='lat' dir='ltr'>medietatem</span> <span class='ocrx_word' id='word_1_58' title='bbox 927 1575 972 1646; x_wconf 88' lang='lat' dir='ltr'>ad</span> <span class='ocrx_word' id='word_1_59' title='bbox 1006 1573 1137 1646; x_wconf 85' lang='lat' dir='ltr'>festum</span> <span class='ocrx_word' id='word_1_60' title='bbox 1171 1575 1431 1669; x_wconf 82' lang='lat' dir='ltr'>purificationis</span> <span class='ocrx_word' id='word_1_61' title='bbox 1455 1575 1619 1667; x_wconf 85' lang='lat' dir='ltr'>proxime</span> <span class='ocrx_word' id='word_1_62' title='bbox 1644 1571 1798 1666; x_wconf 88' lang='lat' dir='ltr'>sequens</span> 
     </span>
     <span class='ocr_line' id='line_1_9' title="bbox 452 1680 1797 1785; baseline -0.003 -25"><span class='ocrx_word' id='word_1_63' title='bbox 452 1685 694 1785; x_wconf 88' lang='lat' dir='ltr'>promiserunt</span> <span class='ocrx_word' id='word_1_64' title='bbox 719 1685 875 1756; x_wconf 86' lang='lat' dir='ltr'>fideliter</span> <span class='ocrx_word' id='word_1_65' title='bbox 899 1695 939 1755; x_wconf 92' lang='lat' dir='ltr'>et</span> <span class='ocrx_word' id='word_1_66' title='bbox 967 1685 1081 1755; x_wconf 87' lang='lat' dir='ltr'>eciam</span> <span class='ocrx_word' id='word_1_67' title='bbox 1115 1680 1337 1780; x_wconf 81' lang='lat' dir='ltr'>assignarunt</span> <span class='ocrx_word' id='word_1_68' title='bbox 1365 1685 1411 1758; x_wconf 89' lang='lat' dir='ltr'>ad</span> <span class='ocrx_word' id='word_1_69' title='bbox 1438 1687 1634 1756; x_wconf 86' lang='lat' dir='ltr'>terminum</span> <span class='ocrx_word' id='word_1_70' title='bbox 1669 1685 1797 1757; x_wconf 89' lang='lat' dir='ltr'>decem</span> 
     </span>
     <span class='ocr_line' id='line_1_10' title="bbox 453 1794 1797 1890; baseline 0.001 -19"><span class='ocrx_word' id='word_1_71' title='bbox 453 1821 630 1872; x_wconf 89' lang='lat' dir='ltr'>annorum</span> <span class='ocrx_word' id='word_1_72' title='bbox 656 1822 679 1869; x_wconf 93' lang='lat' dir='ltr'>a</span> <span class='ocrx_word' id='word_1_73' title='bbox 703 1809 866 1887; x_wconf 86' lang='lat' dir='ltr'>tempore</span> <span class='ocrx_word' id='word_1_74' title='bbox 900 1794 984 1865; x_wconf 87' lang='lat' dir='ltr'>date</span> <span class='ocrx_word' id='word_1_75' title='bbox 1017 1794 1193 1887; x_wconf 87' lang='lat' dir='ltr'>presentis</span> <span class='ocrx_word' id='word_1_76' title='bbox 1226 1798 1437 1870; x_wconf 86' lang='lat' dir='ltr'>immediate</span> <span class='ocrx_word' id='word_1_77' title='bbox 1466 1795 1694 1890; x_wconf 87' lang='lat' dir='ltr'>sequentium</span> <span class='ocrx_word' id='word_1_78' title='bbox 1729 1799 1797 1872; x_wconf 87' lang='lat' dir='ltr'>boc</span> 
     </span>
     <span class='ocr_line' id='line_1_11' title="bbox 453 1905 1798 2004; baseline -0.001 -22"><span class='ocrx_word' id='word_1_79' title='bbox 453 1922 578 1982; x_wconf 89' lang='lat' dir='ltr'>tamen</span> <span class='ocrx_word' id='word_1_80' title='bbox 595 1907 757 1980; x_wconf 84' lang='lat' dir='ltr'>adhibito</span> <span class='ocrx_word' id='word_1_81' title='bbox 782 1905 1026 1976; x_wconf 83' lang='lat' dir='ltr'>moderamine</span> <span class='ocrx_word' id='word_1_82' title='bbox 1049 1907 1145 1998; x_wconf 90' lang='lat' dir='ltr'>quod</span> <span class='ocrx_word' id='word_1_83' title='bbox 1171 1930 1261 2000; x_wconf 93' lang='lat' dir='ltr'>opus</span> <span class='ocrx_word' id='word_1_84' title='bbox 1287 1905 1384 1980; x_wconf 70' lang='lat' dir='ltr'>disse</span> <span class='ocrx_word' id='word_1_85' title='bbox 1410 1908 1542 1980; x_wconf 85' lang='lat' dir='ltr'>fabrico</span> <span class='ocrx_word' id='word_1_86' title='bbox 1567 1909 1691 1981; x_wconf 87' lang='lat' dir='ltr'>debite</span> <span class='ocrx_word' id='word_1_87' title='bbox 1716 1933 1798 2004; x_wconf 91' lang='lat' dir='ltr'>pro-</span> 
     </span>
     <span class='ocr_line' id='line_1_12' title="bbox 453 2010 1799 2116; baseline 0.001 -23"><span class='ocrx_word' id='word_1_88' title='bbox 453 2021 561 2092; x_wconf 87' lang='lat' dir='ltr'>cedat</span> <span class='ocrx_word' id='word_1_89' title='bbox 577 2029 616 2091; x_wconf 88' lang='lat' dir='ltr'>et</span> <span class='ocrx_word' id='word_1_90' title='bbox 633 2015 830 2089; x_wconf 90' lang='lat' dir='ltr'>secundum</span> <span class='ocrx_word' id='word_1_91' title='bbox 855 2010 1114 2087; x_wconf 85' lang='lat' dir='ltr'>concessionem</span> <span class='ocrx_word' id='word_1_92' title='bbox 1133 2017 1218 2090; x_wconf 78' lang='lat' dir='ltr'>diui</span> <span class='ocrx_word' id='word_1_93' title='bbox 1240 2019 1376 2089; x_wconf 91' lang='lat' dir='ltr'>domini</span> <span class='ocrx_word' id='word_1_94' title='bbox 1403 2016 1556 2113; x_wconf 78' lang='lat' dir='ltr'>episcopi</span> <span class='ocrx_word' id='word_1_95' title='bbox 1582 2029 1622 2092; x_wconf 87' lang='lat' dir='ltr'>et</span> <span class='ocrx_word' id='word_1_96' title='bbox 1646 2016 1799 2116; x_wconf 81' lang='lat' dir='ltr'>assigna·</span> 
     </span>
     <span class='ocr_line' id='line_1_13' title="bbox 453 2127 1797 2224; baseline 0.001 -24"><span class='ocrx_word' id='word_1_97' title='bbox 453 2133 592 2200; x_wconf 88' lang='lat' dir='ltr'>tionem</span> <span class='ocrx_word' id='word_1_98' title='bbox 627 2127 804 2220; x_wconf 74' lang='lat' dir='ltr'>predittas</span> <span class='ocrx_word' id='word_1_99' title='bbox 829 2127 1063 2197; x_wconf 87' lang='lat' dir='ltr'>continuetur</span> <span class='ocrx_word' id='word_1_100' title='bbox 1095 2151 1179 2198; x_wconf 91' lang='lat' dir='ltr'>cum</span> <span class='ocrx_word' id='word_1_101' title='bbox 1205 2127 1335 2198; x_wconf 73' lang='lat' dir='ltr'>assessu</span> <span class='ocrx_word' id='word_1_102' title='bbox 1365 2167 1374 2184; x_wconf 93' lang='lat'><strong>·</strong></span> <span class='ocrx_word' id='word_1_103' title='bbox 1405 2151 1468 2221; x_wconf 89' lang='lat' dir='ltr'>pro</span> <span class='ocrx_word' id='word_1_104' title='bbox 1494 2131 1624 2222; x_wconf 90' lang='lat' dir='ltr'>quibus</span> <span class='ocrx_word' id='word_1_105' title='bbox 1648 2133 1797 2224; x_wconf 91' lang='lat' dir='ltr'>quidem</span> 
     </span>
     <span class='ocr_line' id='line_1_14' title="bbox 453 2235 1797 2334; baseline 0.003 -24"><span class='ocrx_word' id='word_1_106' title='bbox 453 2239 641 2334; x_wconf 78' lang='lat' dir='ltr'>sexaginta</span> <span class='ocrx_word' id='word_1_107' title='bbox 671 2235 771 2308; x_wconf 85' lang='lat' dir='ltr'>libris</span> <span class='ocrx_word' id='word_1_108' title='bbox 807 2235 939 2306; x_wconf 87' lang='lat' dir='ltr'>sabrice</span> <span class='ocrx_word' id='word_1_109' title='bbox 974 2236 1132 2328; x_wconf 76' lang='lat' dir='ltr'>preditte</span> <span class='ocrx_word' id='word_1_110' title='bbox 1167 2235 1413 2331; x_wconf 85' lang='lat' dir='ltr'>persoluendis</span> <span class='ocrx_word' id='word_1_111' title='bbox 1448 2238 1618 2313; x_wconf 90' lang='lat' dir='ltr'>Decanus</span> <span class='ocrx_word' id='word_1_112' title='bbox 1643 2242 1797 2316; x_wconf 82' lang='lat' dir='ltr'>Cancel-</span> 
     </span>
     <span class='ocr_line' id='line_1_15' title="bbox 454 2341 1797 2446; baseline 0.001 -24"><span class='ocrx_word' id='word_1_113' title='bbox 454 2351 563 2422; x_wconf 85' lang='lat' dir='ltr'>larius</span> <span class='ocrx_word' id='word_1_114' title='bbox 589 2358 628 2420; x_wconf 88' lang='lat' dir='ltr'>ct</span> <span class='ocrx_word' id='word_1_115' title='bbox 652 2346 851 2441; x_wconf 83' lang='lat' dir='ltr'>capitulum</span> <span class='ocrx_word' id='word_1_116' title='bbox 878 2341 1026 2417; x_wconf 84' lang='lat' dir='ltr'>ecclesie</span> <span class='ocrx_word' id='word_1_117' title='bbox 1052 2344 1321 2419; x_wconf 74' lang='lat' dir='ltr'>Abcrdonensrs</span> <span class='ocrx_word' id='word_1_118' title='bbox 1346 2361 1544 2422; x_wconf 88' lang='lat' dir='ltr'>memorate</span> <span class='ocrx_word' id='word_1_119' title='bbox 1569 2348 1606 2422; x_wconf 90' lang='lat' dir='ltr'>sc</span> <span class='ocrx_word' id='word_1_120' title='bbox 1631 2352 1797 2446; x_wconf 84' lang='lat' dir='ltr'>obsignat</span> 
     </span>
     <span class='ocr_line' id='line_1_16' title="bbox 452 2456 1796 2554; baseline 0.001 -21"><span class='ocrx_word' id='word_1_121' title='bbox 452 2471 491 2533; x_wconf 87' lang='lat' dir='ltr'>ct</span> <span class='ocrx_word' id='word_1_122' title='bbox 509 2459 767 2554; x_wconf 79' lang='lat' dir='ltr'>obligabuntur</span> <span class='ocrx_word' id='word_1_123' title='bbox 783 2481 824 2529; x_wconf 88' lang='lat' dir='ltr'>nc</span> <span class='ocrx_word' id='word_1_124' title='bbox 842 2457 1002 2549; x_wconf 84' lang='lat' dir='ltr'>plenarie</span> <span class='ocrx_word' id='word_1_125' title='bbox 1018 2456 1286 2552; x_wconf 89' lang='lat' dir='ltr'>respondebunt</span> <span class='ocrx_word' id='word_1_126' title='bbox 1304 2499 1312 2516; x_wconf 93' lang='lat'><strong>·</strong></span> <span class='ocrx_word' id='word_1_127' title='bbox 1331 2471 1370 2530; x_wconf 91' lang='lat' dir='ltr'>ct</span> <span class='ocrx_word' id='word_1_128' title='bbox 1388 2461 1423 2530; x_wconf 91' lang='lat' dir='ltr'>in</span> <span class='ocrx_word' id='word_1_129' title='bbox 1442 2459 1522 2532; x_wconf 89' lang='lat' dir='ltr'>casu</span> <span class='ocrx_word' id='word_1_130' title='bbox 1544 2463 1639 2553; x_wconf 91' lang='lat' dir='ltr'>quod</span> <span class='ocrx_word' id='word_1_131' title='bbox 1658 2459 1750 2534; x_wconf 77' lang='lat' dir='ltr'>absit</span> <span class='ocrx_word' id='word_1_132' title='bbox 1768 2463 1796 2534; x_wconf 95' lang='lat' dir='ltr'>si</span> 
     </span>
     <span class='ocr_line' id='line_1_17' title="bbox 451 2568 1796 2665; baseline 0.001 -20"><span class='ocrx_word' id='word_1_133' title='bbox 451 2573 642 2664; x_wconf 84' lang='lat' dir='ltr'>contingat</span> <span class='ocrx_word' id='word_1_134' title='bbox 660 2569 857 2665; x_wconf 75' lang='lat' dir='ltr'>prediuum</span> <span class='ocrx_word' id='word_1_135' title='bbox 876 2569 1061 2640; x_wconf 90' lang='lat' dir='ltr'>dominum</span> <span class='ocrx_word' id='word_1_136' title='bbox 1079 2568 1284 2663; x_wconf 87' lang='lat' dir='ltr'>episcopum</span> <span class='ocrx_word' id='word_1_137' title='bbox 1302 2571 1395 2642; x_wconf 89' lang='lat' dir='ltr'>citra</span> <span class='ocrx_word' id='word_1_138' title='bbox 1410 2573 1603 2643; x_wconf 88' lang='lat' dir='ltr'>terminum</span> <span class='ocrx_word' id='word_1_139' title='bbox 1618 2573 1796 2646; x_wconf 76' lang='lat' dir='ltr'>diuorum</span> 
     </span>
     <span class='ocr_line' id='line_1_18' title="bbox 452 2678 1795 2776; baseline 0.001 -20"><span class='ocrx_word' id='word_1_140' title='bbox 452 2687 578 2756; x_wconf 86' lang='lat' dir='ltr'>docem</span> <span class='ocrx_word' id='word_1_141' title='bbox 604 2703 780 2754; x_wconf 89' lang='lat' dir='ltr'>annorum</span> <span class='ocrx_word' id='word_1_142' title='bbox 807 2681 1014 2752; x_wconf 86' lang='lat' dir='ltr'>humanitus</span> <span class='ocrx_word' id='word_1_143' title='bbox 1039 2681 1214 2753; x_wconf 83' lang='lat' dir='ltr'>decedere</span> <span class='ocrx_word' id='word_1_144' title='bbox 1239 2678 1383 2774; x_wconf 83' lang='lat' dir='ltr'>presens</span> <span class='ocrx_word' id='word_1_145' title='bbox 1409 2678 1588 2776; x_wconf 76' lang='lat' dir='ltr'>promissio</span> <span class='ocrx_word' id='word_1_146' title='bbox 1606 2683 1665 2757; x_wconf 90' lang='lat' dir='ltr'>seu</span> <span class='ocrx_word' id='word_1_147' title='bbox 1684 2687 1795 2758; x_wconf 87' lang='lat' dir='ltr'>ctiam</span> 
     </span>
     <span class='ocr_line' id='line_1_19' title="bbox 450 2791 1797 2892; baseline 0.003 -25"><span class='ocrx_word' id='word_1_148' title='bbox 450 2791 644 2890; x_wconf 81' lang='lat' dir='ltr'>assignacio</span> <span class='ocrx_word' id='word_1_149' title='bbox 668 2815 734 2886; x_wconf 87' lang='lat' dir='ltr'>per</span> <span class='ocrx_word' id='word_1_150' title='bbox 757 2792 870 2864; x_wconf 71' lang='lat' dir='ltr'>did-os</span> <span class='ocrx_word' id='word_1_151' title='bbox 894 2792 1071 2864; x_wconf 90' lang='lat' dir='ltr'>decanum</span> <span class='ocrx_word' id='word_1_152' title='bbox 1089 2801 1129 2864; x_wconf 87' lang='lat' dir='ltr'>ct</span> <span class='ocrx_word' id='word_1_153' title='bbox 1145 2791 1345 2887; x_wconf 89' lang='lat' dir='ltr'>capitulum</span> <span class='ocrx_word' id='word_1_154' title='bbox 1371 2793 1464 2866; x_wconf 70' lang='lat' dir='ltr'>sads</span> <span class='ocrx_word' id='word_1_155' title='bbox 1489 2805 1528 2866; x_wconf 89' lang='lat' dir='ltr'>et</span> <span class='ocrx_word' id='word_1_156' title='bbox 1552 2791 1727 2892; x_wconf 74' lang='lat' dir='ltr'>assignate</span> <span class='ocrx_word' id='word_1_157' title='bbox 1752 2821 1797 2870; x_wconf 85' lang='lat' dir='ltr'>co</span> 
     </span>
     <span class='ocr_line' id='line_1_20' title="bbox 451 2902 1603 2998; baseline -0.001 -20"><span class='ocrx_word' id='word_1_158' title='bbox 451 2903 526 2998; x_wconf 87' lang='lat' dir='ltr'>ipso</span> <span class='ocrx_word' id='word_1_159' title='bbox 544 2912 763 2976; x_wconf 88' lang='lat' dir='ltr'>reuocentur</span> <span class='ocrx_word' id='word_1_160' title='bbox 779 2911 816 2973; x_wconf 89' lang='lat' dir='ltr'>ct</span> <span class='ocrx_word' id='word_1_161' title='bbox 834 2925 896 2995; x_wconf 91' lang='lat' dir='ltr'>pro</span> <span class='ocrx_word' id='word_1_162' title='bbox 914 2902 1023 2973; x_wconf 85' lang='lat' dir='ltr'>nuliis</span> <span class='ocrx_word' id='word_1_163' title='bbox 1040 2925 1086 2974; x_wconf 86' lang='lat' dir='ltr'>cx</span> <span class='ocrx_word' id='word_1_164' title='bbox 1105 2913 1194 2976; x_wconf 91' lang='lat' dir='ltr'>tunc</span> <span class='ocrx_word' id='word_1_165' title='bbox 1211 2903 1359 2974; x_wconf 91' lang='lat' dir='ltr'>omnino</span> <span class='ocrx_word' id='word_1_166' title='bbox 1376 2903 1603 2977; x_wconf 87' lang='lat' dir='ltr'>habeantur·</span> 
     </span>
    </p>

    <p class='ocr_par' dir='ltr' id='par_1_4' title="bbox 450 3009 1799 3649">
     <span class='ocr_line' id='line_1_21' title="bbox 451 3009 1796 3111; baseline 0.004 -23"><span class='ocrx_word' id='word_1_167' title='bbox 451 3015 547 3088; x_wconf 88' lang='lat' dir='ltr'>Item</span> <span class='ocrx_word' id='word_1_168' title='bbox 565 3015 771 3085; x_wconf 92' lang='lat' dir='ltr'>ordinatum</span> <span class='ocrx_word' id='word_1_169' title='bbox 794 3009 847 3084; x_wconf 82' lang='lat' dir='ltr'>cst</span> <span class='ocrx_word' id='word_1_170' title='bbox 873 3025 910 3084; x_wconf 88' lang='lat' dir='ltr'>ct</span> <span class='ocrx_word' id='word_1_171' title='bbox 936 3035 1000 3105; x_wconf 89' lang='lat' dir='ltr'>per</span> <span class='ocrx_word' id='word_1_172' title='bbox 1025 3013 1226 3106; x_wconf 74' lang='lat' dir='ltr'>predictum</span> <span class='ocrx_word' id='word_1_173' title='bbox 1244 3014 1430 3085; x_wconf 90' lang='lat' dir='ltr'>dominum</span> <span class='ocrx_word' id='word_1_174' title='bbox 1457 3014 1662 3111; x_wconf 88' lang='lat' dir='ltr'>episcopum</span> <span class='ocrx_word' id='word_1_175' title='bbox 1680 3019 1796 3094; x_wconf 83' lang='lat' dir='ltr'>fidesi-</span> 
     </span>
     <span class='ocr_line' id='line_1_22' title="bbox 450 3120 1798 3220; baseline 0.005 -22"><span class='ocrx_word' id='word_1_176' title='bbox 450 3139 508 3199; x_wconf 88' lang='lat' dir='ltr'>tcr</span> <span class='ocrx_word' id='word_1_177' title='bbox 542 3120 748 3220; x_wconf 83' lang='lat' dir='ltr'>promissum</span> <span class='ocrx_word' id='word_1_178' title='bbox 786 3124 881 3217; x_wconf 92' lang='lat' dir='ltr'>quod</span> <span class='ocrx_word' id='word_1_179' title='bbox 915 3147 937 3194; x_wconf 88' lang='lat' dir='ltr'>a</span> <span class='ocrx_word' id='word_1_180' title='bbox 966 3124 1025 3194; x_wconf 89' lang='lat' dir='ltr'>die</span> <span class='ocrx_word' id='word_1_181' title='bbox 1058 3125 1292 3195; x_wconf 73' lang='lat' dir='ltr'>confectionis</span> <span class='ocrx_word' id='word_1_182' title='bbox 1334 3124 1554 3217; x_wconf 87' lang='lat' dir='ltr'>presentium</span> <span class='ocrx_word' id='word_1_183' title='bbox 1596 3152 1722 3203; x_wconf 86' lang='lat' dir='ltr'>omnes</span> <span class='ocrx_word' id='word_1_184' title='bbox 1757 3145 1798 3205; x_wconf 88' lang='lat' dir='ltr'>et</span> 
     </span>
     <span class='ocr_line' id='line_1_23' title="bbox 452 3229 1799 3332; baseline 0.005 -23"><span class='ocrx_word' id='word_1_185' title='bbox 452 3235 592 3332; x_wconf 78' lang='lat' dir='ltr'>{ingnio</span> <span class='ocrx_word' id='word_1_186' title='bbox 625 3229 775 3307; x_wconf 77' lang='lat' dir='ltr'>ecclesio</span> <span class='ocrx_word' id='word_1_187' title='bbox 808 3235 854 3305; x_wconf 89' lang='lat' dir='ltr'>dc</span> <span class='ocrx_word' id='word_1_188' title='bbox 886 3255 1079 3306; x_wconf 88' lang='lat' dir='ltr'>communa</span> <span class='ocrx_word' id='word_1_189' title='bbox 1112 3233 1261 3329; x_wconf 88' lang='lat' dir='ltr'>capituli</span> <span class='ocrx_word' id='word_1_190' title='bbox 1300 3236 1459 3328; x_wconf 73' lang='lat' dir='ltr'>predicto</span> <span class='ocrx_word' id='word_1_191' title='bbox 1494 3237 1645 3312; x_wconf 78' lang='lat' dir='ltr'>cccicsrc</span> <span class='ocrx_word' id='word_1_192' title='bbox 1679 3240 1799 3316; x_wconf 84' lang='lat' dir='ltr'>Aber-</span> 
     </span>
     <span class='ocr_line' id='line_1_24' title="bbox 451 3340 1798 3448; baseline 0.004 -27"><span class='ocrx_word' id='word_1_193' title='bbox 451 3344 619 3420; x_wconf 84' lang='lat' dir='ltr'>donensrs</span> <span class='ocrx_word' id='word_1_194' title='bbox 645 3346 757 3417; x_wconf 85' lang='lat' dir='ltr'>sibero</span> <span class='ocrx_word' id='word_1_195' title='bbox 791 3347 913 3438; x_wconf 90' lang='lat' dir='ltr'>quictc</span> <span class='ocrx_word' id='word_1_196' title='bbox 946 3357 985 3415; x_wconf 89' lang='lat' dir='ltr'>ct</span> <span class='ocrx_word' id='word_1_197' title='bbox 1020 3340 1095 3416; x_wconf 84' lang='lat' dir='ltr'>sine</span> <span class='ocrx_word' id='word_1_198' title='bbox 1124 3346 1407 3418; x_wconf 74' lang='lat' dir='ltr'>contmdittionc</span> <span class='ocrx_word' id='word_1_199' title='bbox 1440 3369 1654 3443; x_wconf 87' lang='lat' dir='ltr'>quacunque</span> <span class='ocrx_word' id='word_1_200' title='bbox 1688 3350 1798 3448; x_wconf 78' lang='lat' dir='ltr'>ipsius</span> 
     </span>
     <span class='ocr_line' id='line_1_25' title="bbox 450 3452 1798 3551; baseline 0.005 -19"><span class='ocrx_word' id='word_1_201' title='bbox 450 3460 588 3532; x_wconf 91' lang='lat' dir='ltr'>domini</span> <span class='ocrx_word' id='word_1_202' title='bbox 618 3457 773 3551; x_wconf 85' lang='lat' dir='ltr'>episcopi</span> <span class='ocrx_word' id='word_1_203' title='bbox 804 3452 1072 3527; x_wconf 84' lang='lat' dir='ltr'>Abcrdonensts</span> <span class='ocrx_word' id='word_1_204' title='bbox 1096 3466 1161 3527; x_wconf 88' lang='lat' dir='ltr'>aut</span> <span class='ocrx_word' id='word_1_205' title='bbox 1186 3452 1431 3550; x_wconf 90' lang='lat' dir='ltr'>cuiuscunque</span> <span class='ocrx_word' id='word_1_206' title='bbox 1456 3463 1603 3532; x_wconf 90' lang='lat' dir='ltr'>nominc</span> <span class='ocrx_word' id='word_1_207' title='bbox 1637 3461 1700 3535; x_wconf 91' lang='lat' dir='ltr'>suo</span> <span class='ocrx_word' id='word_1_208' title='bbox 1726 3487 1798 3538; x_wconf 79' lang='lat' dir='ltr'>rna</span> 
     </span>
     <span class='ocr_line' id='line_1_26' title="bbox 450 3567 1797 3649; baseline 0.004 -5"><span class='ocrx_word' id='word_1_209' title='bbox 450 3595 534 3644; x_wconf 91' lang='lat' dir='ltr'>cum</span> <span class='ocrx_word' id='word_1_210' title='bbox 564 3569 738 3642; x_wconf 72' lang='lat' dir='ltr'>srudibns</span> <span class='ocrx_word' id='word_1_211' title='bbox 767 3567 967 3638; x_wconf 77' lang='lat' dir='ltr'>redditibus</span> <span class='ocrx_word' id='word_1_212' title='bbox 1001 3567 1139 3638; x_wconf 89' lang='lat' dir='ltr'>iuribus</span> <span class='ocrx_word' id='word_1_213' title='bbox 1167 3578 1205 3639; x_wconf 88' lang='lat' dir='ltr'>ct</span> <span class='ocrx_word' id='word_1_214' title='bbox 1232 3569 1514 3643; x_wconf 89' lang='lat' dir='ltr'>obucutionibus</span> <span class='ocrx_word' id='word_1_215' title='bbox 1548 3571 1619 3644; x_wconf 89' lang='lat' dir='ltr'>suis</span> <span class='ocrx_word' id='word_1_216' title='bbox 1652 3578 1797 3649; x_wconf 83' lang='lat' dir='ltr'>vniuer·</span> 
     </span>
    </p>
   </div>
   <div class='ocr_carea' id='block_1_4' title="bbox 451 3675 1960 3781">
    <p class='ocr_par' dir='ltr' id='par_1_5' title="bbox 451 3675 1960 3781">
     <span class='ocr_line' id='line_1_27' title="bbox 451 3675 1960 3781; baseline -0.001 -25"><span class='ocrx_word' id='word_1_217' title='bbox 451 3681 497 3756; x_wconf 88' lang='lat' dir='ltr'>sis</span> <span class='ocrx_word' id='word_1_218' title='bbox 514 3680 559 3754; x_wconf 89' lang='lat' dir='ltr'>ad</span> <span class='ocrx_word' id='word_1_219' title='bbox 578 3677 678 3751; x_wconf 86' lang='lat' dir='ltr'>vsum</span> <span class='ocrx_word' id='word_1_220' title='bbox 705 3678 966 3749; x_wconf 84' lang='lat' dir='ltr'>ordinationem</span> <span class='ocrx_word' id='word_1_221' title='bbox 990 3690 1027 3749; x_wconf 90' lang='lat' dir='ltr'>ct</span> <span class='ocrx_word' id='word_1_222' title='bbox 1046 3675 1312 3771; x_wconf 86' lang='lat' dir='ltr'>dispositionem</span> <span class='ocrx_word' id='word_1_223' title='bbox 1340 3681 1466 3753; x_wconf 86' lang='lat' dir='ltr'>decani</span> <span class='ocrx_word' id='word_1_224' title='bbox 1483 3693 1522 3753; x_wconf 89' lang='lat' dir='ltr'>ct</span> <span class='ocrx_word' id='word_1_225' title='bbox 1539 3686 1688 3778; x_wconf 86' lang='lat' dir='ltr'>capituli</span> <span class='ocrx_word' id='word_1_226' title='bbox 1715 3710 1797 3781; x_wconf 85' lang='lat' dir='ltr'>pre·</span> <span class='ocrx_word' id='word_1_227' title='bbox 1953 3741 1960 3754; x_wconf 91' lang='lat'><strong>.</strong></span> 
     </span>
    </p>
   </div>
   <div class='ocr_carea' id='block_1_5' title="bbox 446 3787 1798 4672">
    <p class='ocr_par' dir='ltr' id='par_1_6' title="bbox 446 3787 1798 4672">
     <span class='ocr_line' id='line_1_28' title="bbox 450 3787 1798 3883; baseline 0.004 -16"><span class='ocrx_word' id='word_1_228' title='bbox 450 3795 629 3868; x_wconf 78' lang='lat' dir='ltr'>dittorum</span> <span class='ocrx_word' id='word_1_229' title='bbox 658 3789 782 3883; x_wconf 87' lang='lat' dir='ltr'>quiete</span> <span class='ocrx_word' id='word_1_230' title='bbox 808 3787 1005 3860; x_wconf 89' lang='lat' dir='ltr'>redduntur</span> <span class='ocrx_word' id='word_1_231' title='bbox 1037 3799 1076 3860; x_wconf 90' lang='lat' dir='ltr'>et</span> <span class='ocrx_word' id='word_1_232' title='bbox 1106 3793 1254 3862; x_wconf 89' lang='lat' dir='ltr'>omuino</span> <span class='ocrx_word' id='word_1_233' title='bbox 1279 3803 1491 3866; x_wconf 77' lang='lat' dir='ltr'>remaneant</span> <span class='ocrx_word' id='word_1_234' title='bbox 1517 3793 1630 3868; x_wconf 85' lang='lat' dir='ltr'>iibere</span> <span class='ocrx_word' id='word_1_235' title='bbox 1663 3809 1703 3872; x_wconf 88' lang='lat' dir='ltr'>et</span> <span class='ocrx_word' id='word_1_236' title='bbox 1732 3823 1798 3872; x_wconf 85' lang='lat' dir='ltr'>ex-</span> 
     </span>
     <span class='ocr_line' id='line_1_29' title="bbox 449 3895 1797 4004; baseline 0.006 -28"><span class='ocrx_word' id='word_1_237' title='bbox 449 3905 575 4002; x_wconf 87' lang='lat' dir='ltr'>pedite</span> <span class='ocrx_word' id='word_1_238' title='bbox 610 3895 934 3974; x_wconf 82' lang='lat' dir='ltr'>nonobstantibus</span> <span class='ocrx_word' id='word_1_239' title='bbox 969 3901 1273 3974; x_wconf 87' lang='lat' dir='ltr'>conuentionibus</span> <span class='ocrx_word' id='word_1_240' title='bbox 1307 3899 1591 3978; x_wconf 74' lang='lat' dir='ltr'>concessionibus</span> <span class='ocrx_word' id='word_1_241' title='bbox 1622 3907 1797 4004; x_wconf 77' lang='lat' dir='ltr'>composu-</span> 
     </span>
     <span class='ocr_line' id='line_1_30' title="bbox 449 4009 1797 4110; baseline 0.004 -21"><span class='ocrx_word' id='word_1_242' title='bbox 449 4015 611 4089; x_wconf 88' lang='lat' dir='ltr'>tionibus</span> <span class='ocrx_word' id='word_1_243' title='bbox 627 4022 692 4084; x_wconf 89' lang='lat' dir='ltr'>aut</span> <span class='ocrx_word' id='word_1_244' title='bbox 717 4013 812 4082; x_wconf 85' lang='lat' dir='ltr'>inter</span> <span class='ocrx_word' id='word_1_245' title='bbox 828 4010 1004 4104; x_wconf 76' lang='lat' dir='ltr'>predibios</span> <span class='ocrx_word' id='word_1_246' title='bbox 1021 4011 1207 4084; x_wconf 90' lang='lat' dir='ltr'>dominum</span> <span class='ocrx_word' id='word_1_247' title='bbox 1225 4009 1432 4107; x_wconf 88' lang='lat' dir='ltr'>episcopum</span> <span class='ocrx_word' id='word_1_248' title='bbox 1450 4015 1507 4087; x_wconf 78' lang='lat' dir='ltr'>res</span> <span class='ocrx_word' id='word_1_249' title='bbox 1533 4019 1797 4110; x_wconf 83' lang='lat' dir='ltr'>predecessores</span> 
     </span>
     <span class='ocr_line' id='line_1_31' title="bbox 448 4119 1797 4218; baseline 0.004 -18"><span class='ocrx_word' id='word_1_250' title='bbox 448 4127 531 4200; x_wconf 88' lang='lat' dir='ltr'>suos</span> <span class='ocrx_word' id='word_1_251' title='bbox 556 4120 619 4196; x_wconf 92' lang='lat' dir='ltr'>scu</span> <span class='ocrx_word' id='word_1_252' title='bbox 636 4119 791 4215; x_wconf 90' lang='lat' dir='ltr'>ipsorum</span> <span class='ocrx_word' id='word_1_253' title='bbox 808 4120 966 4215; x_wconf 85' lang='lat' dir='ltr'>aliquem</span> <span class='ocrx_word' id='word_1_254' title='bbox 983 4123 1227 4196; x_wconf 77' lang='lat' dir='ltr'>contradtibus</span> <span class='ocrx_word' id='word_1_255' title='bbox 1244 4122 1516 4218; x_wconf 86' lang='lat' dir='ltr'>quibuscunque</span> <span class='ocrx_word' id='word_1_256' title='bbox 1542 4128 1645 4200; x_wconf 75' lang='lat' dir='ltr'>fadis</span> <span class='ocrx_word' id='word_1_257' title='bbox 1661 4130 1797 4206; x_wconf 82' lang='lat' dir='ltr'>habitis</span> 
     </span>
     <span class='ocr_line' id='line_1_32' title="bbox 449 4227 1796 4331; baseline 0.004 -20"><span class='ocrx_word' id='word_1_258' title='bbox 449 4240 623 4311; x_wconf 71' lang='lat' dir='ltr'>suestanus</span> <span class='ocrx_word' id='word_1_259' title='bbox 640 4231 697 4304; x_wconf 85' lang='lat' dir='ltr'>rcl</span> <span class='ocrx_word' id='word_1_260' title='bbox 714 4227 886 4304; x_wconf 83' lang='lat' dir='ltr'>concessu</span> <span class='ocrx_word' id='word_1_261' title='bbox 899 4271 908 4290; x_wconf 92' lang='lat'><strong>·</strong></span> <span class='ocrx_word' id='word_1_262' title='bbox 922 4253 994 4324; x_wconf 91' lang='lat' dir='ltr'>quc</span> <span class='ocrx_word' id='word_1_263' title='bbox 1010 4235 1133 4306; x_wconf 83' lang='lat' dir='ltr'>omnia</span> <span class='ocrx_word' id='word_1_264' title='bbox 1147 4244 1187 4306; x_wconf 91' lang='lat' dir='ltr'>ct</span> <span class='ocrx_word' id='word_1_265' title='bbox 1205 4230 1345 4331; x_wconf 78' lang='lat' dir='ltr'>singula</span> <span class='ocrx_word' id='word_1_266' title='bbox 1357 4257 1428 4308; x_wconf 83' lang='lat' dir='ltr'>vna</span> <span class='ocrx_word' id='word_1_267' title='bbox 1444 4259 1527 4310; x_wconf 92' lang='lat' dir='ltr'>cum</span> <span class='ocrx_word' id='word_1_268' title='bbox 1546 4235 1796 4317; x_wconf 81' lang='lat' dir='ltr'>instrumentis</span> 
     </span>
     <span class='ocr_line' id='line_1_33' title="bbox 447 4339 1795 4446; baseline 0.007 -26"><span class='ocrx_word' id='word_1_269' title='bbox 447 4345 647 4438; x_wconf 78' lang='lat' dir='ltr'>enidencijs</span> <span class='ocrx_word' id='word_1_270' title='bbox 673 4339 733 4415; x_wconf 91' lang='lat' dir='ltr'>seu</span> <span class='ocrx_word' id='word_1_271' title='bbox 764 4341 999 4414; x_wconf 87' lang='lat' dir='ltr'>munimentis</span> <span class='ocrx_word' id='word_1_272' title='bbox 1026 4341 1301 4438; x_wconf 87' lang='lat' dir='ltr'>quibuscunque</span> <span class='ocrx_word' id='word_1_273' title='bbox 1335 4344 1415 4418; x_wconf 90' lang='lat' dir='ltr'>loco</span> <span class='ocrx_word' id='word_1_274' title='bbox 1443 4345 1505 4420; x_wconf 90' lang='lat' dir='ltr'>seu</span> <span class='ocrx_word' id='word_1_275' title='bbox 1535 4360 1699 4446; x_wconf 89' lang='lat' dir='ltr'>temporo</span> <span class='ocrx_word' id='word_1_276' title='bbox 1728 4369 1795 4428; x_wconf 84' lang='lat' dir='ltr'>aut</span> 
     </span>
     <span class='ocr_line' id='line_1_34' title="bbox 446 4453 1795 4556; baseline 0.005 -24"><span class='ocrx_word' id='word_1_277' title='bbox 446 4459 542 4554; x_wconf 88' lang='lat' dir='ltr'>apud</span> <span class='ocrx_word' id='word_1_278' title='bbox 560 4474 814 4550; x_wconf 86' lang='lat' dir='ltr'>quemcunque</span> <span class='ocrx_word' id='word_1_279' title='bbox 839 4453 1134 4552; x_wconf 68' lang='lat' dir='ltr'>repertusuerint</span> <span class='ocrx_word' id='word_1_280' title='bbox 1157 4457 1381 4550; x_wconf 84' lang='lat' dir='ltr'>temporibus</span> <span class='ocrx_word' id='word_1_281' title='bbox 1398 4459 1434 4531; x_wconf 89' lang='lat' dir='ltr'>in</span> <span class='ocrx_word' id='word_1_282' title='bbox 1453 4461 1584 4534; x_wconf 86' lang='lat' dir='ltr'>suturis</span> <span class='ocrx_word' id='word_1_283' title='bbox 1601 4485 1666 4556; x_wconf 91' lang='lat' dir='ltr'>pro</span> <span class='ocrx_word' id='word_1_284' title='bbox 1683 4465 1795 4539; x_wconf 77' lang='lat' dir='ltr'>nussia</span> 
     </span>
     <span class='ocr_line' id='line_1_35' title="bbox 446 4563 1795 4672; baseline 0.004 -28"><span class='ocrx_word' id='word_1_285' title='bbox 446 4566 549 4644; x_wconf 80' lang='lat' dir='ltr'>cassus</span> <span class='ocrx_word' id='word_1_286' title='bbox 567 4567 690 4642; x_wconf 76' lang='lat' dir='ltr'>vacuis</span> <span class='ocrx_word' id='word_1_287' title='bbox 706 4576 747 4638; x_wconf 84' lang='lat' dir='ltr'>et</span> <span class='ocrx_word' id='word_1_288' title='bbox 763 4563 929 4638; x_wconf 81' lang='lat' dir='ltr'>inanibus</span> <span class='ocrx_word' id='word_1_289' title='bbox 941 4563 1076 4638; x_wconf 87' lang='lat' dir='ltr'>nullius</span> <span class='ocrx_word' id='word_1_290' title='bbox 1089 4589 1162 4660; x_wconf 86' lang='lat' dir='ltr'>que</span> <span class='ocrx_word' id='word_1_291' title='bbox 1175 4565 1306 4642; x_wconf 72' lang='lat' dir='ltr'>vesona</span> <span class='ocrx_word' id='word_1_292' title='bbox 1322 4571 1359 4641; x_wconf 93' lang='lat' dir='ltr'>in</span> <span class='ocrx_word' id='word_1_293' title='bbox 1378 4582 1593 4668; x_wconf 88' lang='lat' dir='ltr'>perpetuum</span> <span class='ocrx_word' id='word_1_294' title='bbox 1612 4583 1795 4672; x_wconf 81' lang='lat' dir='ltr'>antropu-</span> 
     </span>
    </p>
   </div>
   <div class='ocr_carea' id='block_1_6' title="bbox 0 0 2310 5958">
    <p class='ocr_par' dir='ltr' id='par_1_7' title="bbox 0 0 2310 5958">
     <span class='ocr_line' id='line_1_36' title="bbox 0 0 2310 5958; baseline 0 0"><span class='ocrx_word' id='word_1_295' title='bbox 0 0 2310 5958; x_wconf 95' lang='lat' dir='ltr'> </span> 
     </span>
    </p>
   </div>
  </div>
 </body>
</html>
