4564 5968
527 645 594 712 198
1044 639 1351 714 REGISTRUM
1714 645 1865 739 [sacru

522 861 585 930 pro
603 839 874 938 quadragelima
890 855 930 914 et
946 839 1027 933 alijs
1044 839 1269 930 temporibus
1285 841 1372 908 anni
1390 847 1429 908 et
1452 839 1533 928 alijs
1549 846 1784 934 coopertorijs
1801 867 1866 936 pro

520 954 748 1048 ymaginibus
761 979 832 1049 que
850 951 999 1048 singulis
1014 963 1100 1022 nota
1112 945 1276 1019 existunt
1287 973 1334 1019 ex
1349 949 1398 1018 lie
1411 947 1508 1042 sarge
1525 961 1565 1019 et
1578 951 1654 1020 tela
1671 953 1768 1026 linea
1781 979 1864 1026 cum

521 1062 819 1139 lintheaminibus
832 1089 896 1160 pro
914 1063 1043 1135 diebus
1061 1057 1428 1154 quadragesimalibus
1451 1061 1547 1131 dono
1572 1077 1611 1130 et
1627 1062 1792 1154 expenfis
1809 1066 1864 1136 su·

521 1177 668 1267 pradidi
700 1175 860 1271 magistri
888 1174 1092 1246 Alexandri
1119 1195 1203 1242 oum
1230 1171 1464 1244 tabernaculo
1491 1168 1640 1242 honeste
1665 1175 1808 1267 depido
1824 1195 1863 1246 et

520 1287 635 1358 tribus
659 1289 889 1382 ymaginibus
915 1307 1070 1356 vnacurn
1096 1283 1224 1353 scrinio
1252 1279 1461 1355 Flandrensr
1492 1307 1556 1376 pro
1590 1283 1863 1359 conseruatione

519 1399 695 1470 didorutn
721 1409 1020 1470 ornamentorum
1046 1408 1083 1466 et
1111 1394 1212 1466 sedili
1239 1393 1356 1468 serato
1375 1420 1438 1490 pro
1462 1391 1736 1466 conseruatione
1762 1399 1863 1469 hahi-

521 1521 625 1580 tuum
642 1508 730 1582 dicti
749 1511 899 1580 rethoris
913 1531 997 1580 cum
1017 1505 1238 1578 tintinabulo
1256 1547 1265 1562 ·
1293 1505 1393 1578 Item
1410 1517 1537 1598 quarta
1552 1505 1693 1598 catalla
1710 1531 1755 1577 ex
1774 1507 1861 1578 billo

521 1619 644 1692 villosa
667 1643 751 1692 oum
778 1644 886 1691 cruce
911 1622 948 1688 in
975 1615 1077 1688 dorso
1101 1643 1148 1688 ox
1166 1643 1253 1690 auro
1274 1618 1396 1690 textili
1414 1642 1495 1692 cum
1521 1618 1606 1690 alba
1622 1621 1753 1690 umido
1771 1617 1861 1692 stola

518 1730 702 1822 manipulo
720 1752 813 1800 zona
829 1741 869 1801 et
881 1728 964 1824 alijs
983 1731 1203 1822 paramentis
1221 1771 1229 1786 ·

519 1840 634 1936 [Item
655 1863 717 1911 vas
734 1865 828 1933 aque
839 1840 1031 1912 beneditte
1045 1837 1234 1912 honestum
1248 1865 1295 1914 ex
1307 1866 1370 1915 ere
1383 1866 1463 1914 cum
1475 1841 1636 1914 custodia
1651 1842 1811 1915 eiusdem
1828 1843 1858 1936 ·]

518 2175 793 2250 latlssxrsttlvtt
823 2199 1149 2252 onxaltaxrotttst
1178 2202 1338 2252 attaris
1368 2203 1457 2253 ntus
1483 2177 1717 2254 Katathrai:
1738 2204 1860 2253 tutot-

645 2313 705 2362 Nla'
728 2313 800 2362 ΗΖΒ
822 2313 1096 2364 st't'ttantcrctt
1118 2313 1303 2365 bottlttt'm
1324 2290 1513 2366 GAUlb‘Uhl
1536 2315 1731 2366 FUNDATI·

521 2493 710 2610 lmprimis
728 2517 917 2610 egregium
945 2514 1220 2589 tabernaculum
1241 2519 1420 2613 virginum
1438 2541 1521 2589 curn
1539 2517 1711 2590 manliolo
1728 2532 1766 2591 et
1783 2525 1858 2614 epi·

514 2632 625 2700 thalio
643 2629 803 2700 oiulilem
824 2629 1014 2700 reuerendi
1033 2632 1171 2722 patris·

564 2739 659 2812 ltont
677 2741 750 2810 duo
767 2738 985 2812 candelabra
997 2743 1106 2812 enuia
1119 2741 1265 2834 egregia
1282 2740 1398 2812 forma
1414 2781 1422 2798 ·
1441 2743 1607 2824 Quatuor
1622 2744 1855 2836 cultellorum

514 2851 584 2923 l'uis
597 2852 689 2922 albis
701 2849 844 2924 amiclis
868 2853 971 2922 zonis
987 2865 1025 2922 et
1045 2853 1263 2944 paramentis
1281 2873 1431 2942 qrrarunr
1450 2853 1565 2943 prima
1581 2877 1625 2924 ex
1644 2854 1718 2926 tela
1734 2856 1858 2930 villosa

516 2965 636 3034 viridis
653 2963 783 3034 eoloris
801 3003 809 3018 ·
829 2963 946 3034 altera
963 2985 1007 3032 ex
1027 2965 1099 3034 tela
1119 2961 1288 3033 ardenta
1306 2962 1483 3033 uiolithiui
1502 2964 1630 3036 coloris
1649 2963 1708 3038 seu
1727 2970 1856 3041 iacinc-

514 3078 580 3146 tini
601 3115 609 3132 ·
629 3077 739 3146 tortia
762 3095 811 3146 ex
830 3071 931 3144 ollarl
947 3075 1223 3168 toluanglicano
1236 3113 1245 3129 ·
1258 3085 1442 3166 quartana
1454 3075 1528 3146 tela
1542 3079 1711 3151 undulata
1723 3105 1769 3152 ox
1787 3083 1856 3154 filis

513 3188 632 3258 lbricis
657 3225 665 3242 ·
693 3185 785 3257 ltonr
805 3185 1061 3256 rorida-labrum
1090 3185 1288 3280 pandulum
1316 3209 1400 3257 curn
1425 3191 1504 3258 olto
1529 3193 1637 3264 ramis
1663 3215 1726 3284 pro
1751 3199 1855 3288 cerijs

513 3313 551 3371 et
581 3298 768 3371 candolis·
791 3298 906 3393 [dono
932 3301 1077 3369 rethoris
1103 3298 1226 3369 aClat
1245 3297 1444 3370 Alexandri
1470 3299 1628 3394 Spittale
1646 3323 1807 3377 st.1).1.11·
1837 3307 1853 3402 ]

514 3409 607 3482 ltem
620 3413 691 3481 due
707 3411 826 3504 plriolu
842 3407 990 3480 stanneo
1004 3435 1086 3482 curn
1099 3414 1171 3494 Qui
1192 3411 1315 3504 predio
1333 3453 1341 3468 ·
1363 3410 1454 3482 Itoni
1470 3435 1580 3484 vnum
1595 3419 1852 3508 antepondium

511 3547 593 3596 runt
614 3524 757 3594 frontali
776 3546 930 3594 ariacum
951 3524 1066 3594 tribus
1085 3521 1244 3595 honollis
1259 3523 1553 3596 lintheaminibus
1571 3539 1609 3596 et
1622 3528 1762 3601 duobus
1778 3557 1854 3604 cor-

512 3635 691 3732 poralibus
709 3649 746 3707 et
768 3633 860 3706 libro
887 3631 1012 3705 millnli
1032 3633 1196 3729 irnproll'o
1222 3675 1231 3691 ·
1262 3633 1357 3706 ltem
1378 3637 1637 3710 tintinabulum
1663 3663 1745 3712 cum
1764 3642 1852 3716 cista

511 3747 778 3820 conseruatoria
791 3759 1087 3818 ornanwntonnu
1108 3771 1261 3819 unacum
1282 3771 1353 3819 vno
1370 3749 1586 3844 antependio
1612 3750 1722 3824 instar
1739 3755 1851 3828 villosi

512 3861 611 3934 rubei
631 3856 760 3931 coloris
774 3860 869 3929 dono
885 3859 940 3930 M.
961 3858 1162 3932 Alexandri
1178 3859 1315 3953 Spittal
1333 3860 1449 3932 aClat
1462 3864 1608 3934 rettoris
1625 3902 1633 3919 ·
1652 3863 1767 3960 [Item
1784 3893 1852 3942 rna

510 3970 649 4068 capella
666 3994 712 4041 ox
732 3969 845 4041 llueto
859 3972 964 4041 viridi
983 3994 1065 4044 cunr
1086 3967 1233 4066 lingulis
1246 3968 1445 4066 nocellarijs
1456 3975 1549 4046 dono
1563 3977 1698 4048 domiui
1715 3977 1852 4054 Thomu

513 4085 663 4180 lllyrton
680 4081 923 4154 archidiaconi
940 4079 969 4176 ·]
