<?xml version="1.0" encoding="UTF-8"?>
<!DOCTYPE html PUBLIC "-//W3C//DTD XHTML 1.0 Transitional//EN"
    "http://www.w3.org/TR/xhtml1/DTD/xhtml1-transitional.dtd">
<html xmlns="http://www.w3.org/1999/xhtml" xml:lang="en" lang="en">
 <head>
  <title>
</title>
<meta http-equiv="Content-Type" content="text/html;charset=utf-8" />
  <meta name='ocr-system' content='tesseract 3.04.00' />
  <meta name='ocr-capabilities' content='ocr_page ocr_carea ocr_par ocr_line ocrx_word'/>
</head>
<body>
  <div class='ocr_page' id='page_1' title='image "./registrumepisco00innegoog_0073.png"; bbox 0 0 4590 5954; ppageno 0'>
   <div class='ocr_carea' id='block_1_1' title="bbox 447 680 1790 782">
    <p class='ocr_par' dir='ltr' id='par_1_1' title="bbox 447 680 1790 782">
     <span class='ocr_line' id='line_1_1' title="bbox 447 680 1790 782; baseline 0.01 -39"><span class='ocrx_word' id='word_1_1' title='bbox 447 695 493 758; x_wconf 75' lang='grc' dir='ltr'><strong>ρο</strong></span> <span class='ocrx_word' id='word_1_2' title='bbox 968 680 1277 754; x_wconf 83' lang='lat' dir='ltr'><strong>REGISTRUM</strong></span> <span class='ocrx_word' id='word_1_3' title='bbox 1639 686 1790 782; x_wconf 80' lang='lat' dir='ltr'><strong>[secum</strong></span> 
     </span>
    </p>
   </div>
   <div class='ocr_carea' id='block_1_2' title="bbox 451 878 1792 1200">
    <p class='ocr_par' dir='ltr' id='par_1_2' title="bbox 451 878 1792 1200">
     <span class='ocr_line' id='line_1_2' title="bbox 452 878 1792 978; baseline 0.001 -24"><span class='ocrx_word' id='word_1_4' title='bbox 452 884 608 957; x_wconf 76' lang='lat' dir='ltr'><strong>fideliter</strong></span> <span class='ocrx_word' id='word_1_5' title='bbox 630 883 848 978; x_wconf 83' lang='lat' dir='ltr'><strong>colligantur</strong></span> <span class='ocrx_word' id='word_1_6' title='bbox 864 889 904 950; x_wconf 91' lang='lat' dir='ltr'><strong>et</strong></span> <span class='ocrx_word' id='word_1_7' title='bbox 924 879 1070 950; x_wconf 85' lang='lat' dir='ltr'><strong>‹leeanis</strong></span> <span class='ocrx_word' id='word_1_8' title='bbox 1098 878 1259 950; x_wconf 92' lang='lat' dir='ltr'><strong>locorum</strong></span> <span class='ocrx_word' id='word_1_9' title='bbox 1278 881 1313 948; x_wconf 95' lang='lat' dir='ltr'><strong>in</strong></span> <span class='ocrx_word' id='word_1_10' title='bbox 1330 883 1501 972; x_wconf 84' lang='lat' dir='ltr'><strong>proximis</strong></span> <span class='ocrx_word' id='word_1_11' title='bbox 1527 885 1694 977; x_wconf 87' lang='lat' dir='ltr'><strong>capitulis</strong></span> <span class='ocrx_word' id='word_1_12' title='bbox 1719 881 1792 956; x_wconf 81' lang='lat' dir='ltr'><strong>stne</strong></span> 
     </span>
     <span class='ocr_line' id='line_1_3' title="bbox 451 990 1792 1088; baseline -0.003 -20"><span class='ocrx_word' id='word_1_13' title='bbox 451 998 691 1068; x_wconf 82' lang='lat' dir='ltr'><strong>diminutione</strong></span> <span class='ocrx_word' id='word_1_14' title='bbox 717 990 939 1088; x_wconf 72' lang='lat' dir='ltr'><strong>alligarentur</strong></span> <span class='ocrx_word' id='word_1_15' title='bbox 956 1031 963 1046; x_wconf 93' lang='lat'><strong>·</strong></span> <span class='ocrx_word' id='word_1_16' title='bbox 983 1001 1023 1061; x_wconf 93' lang='lat' dir='ltr'><strong>et</strong></span> <span class='ocrx_word' id='word_1_17' title='bbox 1048 991 1143 1062; x_wconf 80' lang='lat' dir='ltr'><strong>inira</strong></span> <span class='ocrx_word' id='word_1_18' title='bbox 1166 990 1300 1061; x_wconf 77' lang='lat' dir='ltr'><strong>uisum</strong></span> <span class='ocrx_word' id='word_1_19' title='bbox 1326 993 1521 1062; x_wconf 90' lang='lat' dir='ltr'><strong>tenninum</strong></span> <span class='ocrx_word' id='word_1_20' title='bbox 1547 996 1669 1066; x_wconf 90' lang='lat' dir='ltr'><strong>nullus</strong></span> <span class='ocrx_word' id='word_1_21' title='bbox 1692 995 1792 1088; x_wconf 88' lang='lat' dir='ltr'><strong>ques-</strong></span> 
     </span>
     <span class='ocr_line' id='line_1_4' title="bbox 452 1099 1666 1200; baseline -0.002 -21"><span class='ocrx_word' id='word_1_22' title='bbox 452 1111 588 1178; x_wconf 84' lang='lat' dir='ltr'><strong>tionem</strong></span> <span class='ocrx_word' id='word_1_23' title='bbox 605 1130 669 1200; x_wconf 88' lang='lat' dir='ltr'><strong>pro</strong></span> <span class='ocrx_word' id='word_1_24' title='bbox 688 1103 847 1198; x_wconf 86' lang='lat' dir='ltr'><strong>negocijs</strong></span> <span class='ocrx_word' id='word_1_25' title='bbox 864 1100 945 1194; x_wconf 88' lang='lat' dir='ltr'><strong>alijs</strong></span> <span class='ocrx_word' id='word_1_26' title='bbox 963 1103 999 1172; x_wconf 95' lang='lat' dir='ltr'><strong>in</strong></span> <span class='ocrx_word' id='word_1_27' title='bbox 1018 1099 1179 1196; x_wconf 87' lang='lat' dir='ltr'><strong>ecelestjs</strong></span> <span class='ocrx_word' id='word_1_28' title='bbox 1197 1101 1453 1197; x_wconf 80' lang='lat' dir='ltr'><strong>parochialibus</strong></span> <span class='ocrx_word' id='word_1_29' title='bbox 1470 1104 1640 1176; x_wconf 87' lang='lat' dir='ltr'><strong>admittat</strong></span> <span class='ocrx_word' id='word_1_30' title='bbox 1659 1147 1666 1162; x_wconf 90' lang='lat'><strong>·</strong></span> 
     </span>
    </p>
   </div>
   <div class='ocr_carea' id='block_1_3' title="bbox 453 1323 1789 1412">
    <p class='ocr_par' dir='ltr' id='par_1_3' title="bbox 453 1323 1789 1412">
     <span class='ocr_line' id='line_1_5' title="bbox 453 1323 1789 1412; baseline 0 -12"><span class='ocrx_word' id='word_1_31' title='bbox 453 1329 598 1402; x_wconf 88' lang='lat' dir='ltr'><strong>XLIX.</strong></span> <span class='ocrx_word' id='word_1_32' title='bbox 616 1328 722 1412; x_wconf 86' lang='lat' dir='ltr'><strong>Quod</strong></span> <span class='ocrx_word' id='word_1_33' title='bbox 737 1327 1043 1398; x_wconf 88' lang='lat' dir='ltr'><strong>exeonnnunicati</strong></span> <span class='ocrx_word' id='word_1_34' title='bbox 1058 1323 1130 1399; x_wconf 89' lang='lat' dir='ltr'><strong>srnt</strong></span> <span class='ocrx_word' id='word_1_35' title='bbox 1142 1325 1392 1399; x_wconf 87' lang='lat' dir='ltr'><strong>subuerteutcs</strong></span> <span class='ocrx_word' id='word_1_36' title='bbox 1406 1326 1610 1396; x_wconf 89' lang='lat' dir='ltr'><strong>libertatem</strong></span> <span class='ocrx_word' id='word_1_37' title='bbox 1623 1327 1769 1400; x_wconf 80' lang='lat' dir='ltr'><strong>ecclesie</strong></span> <span class='ocrx_word' id='word_1_38' title='bbox 1782 1373 1789 1388; x_wconf 92' lang='lat'><em>·</em></span> 
     </span>
    </p>
   </div>
   <div class='ocr_carea' id='block_1_4' title="bbox 450 1545 1792 3320">
    <p class='ocr_par' dir='ltr' id='par_1_4' title="bbox 450 1545 1792 3320">
     <span class='ocr_line' id='line_1_6' title="bbox 453 1545 1791 1647; baseline -0.003 -21"><span class='ocrx_word' id='word_1_39' title='bbox 453 1553 511 1626; x_wconf 90' lang='lat' dir='ltr'><strong>De</strong></span> <span class='ocrx_word' id='word_1_40' title='bbox 537 1551 684 1647; x_wconf 86' lang='lat' dir='ltr'><strong>prelatis</strong></span> <span class='ocrx_word' id='word_1_41' title='bbox 708 1559 746 1620; x_wconf 90' lang='lat' dir='ltr'><strong>et</strong></span> <span class='ocrx_word' id='word_1_42' title='bbox 771 1547 911 1620; x_wconf 80' lang='lat' dir='ltr'><strong>clericis</strong></span> <span class='ocrx_word' id='word_1_43' title='bbox 936 1545 1124 1645; x_wconf 86' lang='lat' dir='ltr'><strong>stipendijs</strong></span> <span class='ocrx_word' id='word_1_44' title='bbox 1149 1549 1299 1624; x_wconf 78' lang='lat' dir='ltr'><strong>ecclesie</strong></span> <span class='ocrx_word' id='word_1_45' title='bbox 1322 1551 1562 1622; x_wconf 83' lang='lat' dir='ltr'><strong>militantibus</strong></span> <span class='ocrx_word' id='word_1_46' title='bbox 1579 1551 1640 1640; x_wconf 93' lang='lat' dir='ltr'><strong>qui</strong></span> <span class='ocrx_word' id='word_1_47' title='bbox 1666 1566 1791 1622; x_wconf 90' lang='lat' dir='ltr'><strong>contra</strong></span> 
     </span>
     <span class='ocr_line' id='line_1_7' title="bbox 453 1657 1790 1738; baseline -0.007 -1"><span class='ocrx_word' id='word_1_48' title='bbox 453 1667 641 1738; x_wconf 88' lang='lat' dir='ltr'><strong>canonicas</strong></span> <span class='ocrx_word' id='word_1_49' title='bbox 666 1659 866 1733; x_wconf 76' lang='lat' dir='ltr'><strong>santtioues</strong></span> <span class='ocrx_word' id='word_1_50' title='bbox 891 1671 930 1732; x_wconf 92' lang='lat' dir='ltr'><strong>et</strong></span> <span class='ocrx_word' id='word_1_51' title='bbox 956 1659 1146 1736; x_wconf 84' lang='lat' dir='ltr'><strong>libertates</strong></span> <span class='ocrx_word' id='word_1_52' title='bbox 1176 1659 1427 1736; x_wconf 71' lang='lat' dir='ltr'><strong>ecclesiasticas</strong></span> <span class='ocrx_word' id='word_1_53' title='bbox 1453 1673 1491 1734; x_wconf 91' lang='lat' dir='ltr'><strong>et</strong></span> <span class='ocrx_word' id='word_1_54' title='bbox 1516 1657 1790 1732; x_wconf 81' lang='lat' dir='ltr'><strong>consuetudines</strong></span> 
     </span>
     <span class='ocr_line' id='line_1_8' title="bbox 452 1770 1790 1850; baseline -0.007 -1"><span class='ocrx_word' id='word_1_55' title='bbox 452 1773 600 1850; x_wconf 82' lang='lat' dir='ltr'><strong>eoeleste</strong></span> <span class='ocrx_word' id='word_1_56' title='bbox 621 1772 814 1846; x_wconf 88' lang='lat' dir='ltr'><strong>Scoticane</strong></span> <span class='ocrx_word' id='word_1_57' title='bbox 840 1773 1013 1846; x_wconf 71' lang='lat' dir='ltr'><strong>liutbertus</strong></span> <span class='ocrx_word' id='word_1_58' title='bbox 1038 1776 1209 1846; x_wconf 90' lang='lat' dir='ltr'><strong>obtentas</strong></span> <span class='ocrx_word' id='word_1_59' title='bbox 1234 1770 1418 1847; x_wconf 77' lang='lat' dir='ltr'><strong>consilium</strong></span> <span class='ocrx_word' id='word_1_60' title='bbox 1437 1789 1474 1846; x_wconf 92' lang='lat' dir='ltr'><strong>et</strong></span> <span class='ocrx_word' id='word_1_61' title='bbox 1491 1771 1665 1846; x_wconf 82' lang='lat' dir='ltr'><strong>auxilium</strong></span> <span class='ocrx_word' id='word_1_62' title='bbox 1693 1771 1790 1843; x_wconf 85' lang='lat' dir='ltr'><strong>laicis</strong></span> 
     </span>
     <span class='ocr_line' id='line_1_9' title="bbox 453 1885 1791 1982; baseline -0.005 -21"><span class='ocrx_word' id='word_1_63' title='bbox 453 1888 666 1982; x_wconf 89' lang='lat' dir='ltr'><strong>impendunt</strong></span> <span class='ocrx_word' id='word_1_64' title='bbox 692 1896 731 1956; x_wconf 92' lang='lat' dir='ltr'><strong>et</strong></span> <span class='ocrx_word' id='word_1_65' title='bbox 757 1887 914 1957; x_wconf 81' lang='lat' dir='ltr'><strong>trraxime</strong></span> <span class='ocrx_word' id='word_1_66' title='bbox 932 1887 977 1956; x_wconf 90' lang='lat' dir='ltr'><strong>de</strong></span> <span class='ocrx_word' id='word_1_67' title='bbox 995 1887 1064 1978; x_wconf 78' lang='lat' dir='ltr'><strong>lriJs</strong></span> <span class='ocrx_word' id='word_1_68' title='bbox 1081 1888 1142 1978; x_wconf 93' lang='lat' dir='ltr'><strong>qui</strong></span> <span class='ocrx_word' id='word_1_69' title='bbox 1171 1885 1293 1958; x_wconf 90' lang='lat' dir='ltr'><strong>literas</strong></span> <span class='ocrx_word' id='word_1_70' title='bbox 1315 1887 1450 1960; x_wconf 75' lang='lat' dir='ltr'><strong>dictam</strong></span> <span class='ocrx_word' id='word_1_71' title='bbox 1476 1885 1635 1958; x_wconf 87' lang='lat' dir='ltr'><strong>scribunt</strong></span> <span class='ocrx_word' id='word_1_72' title='bbox 1652 1896 1690 1957; x_wconf 90' lang='lat' dir='ltr'><strong>et</strong></span> <span class='ocrx_word' id='word_1_73' title='bbox 1707 1908 1791 1956; x_wconf 93' lang='lat' dir='ltr'><strong>con·</strong></span> 
     </span>
     <span class='ocr_line' id='line_1_10' title="bbox 452 1993 1790 2096; baseline -0.005 -23"><span class='ocrx_word' id='word_1_74' title='bbox 452 1999 593 2096; x_wconf 79' lang='lat' dir='ltr'><strong>signant</strong></span> <span class='ocrx_word' id='word_1_75' title='bbox 617 1995 676 2068; x_wconf 92' lang='lat' dir='ltr'><strong>seu</strong></span> <span class='ocrx_word' id='word_1_76' title='bbox 704 1993 838 2068; x_wconf 89' lang='lat' dir='ltr'><strong>statuta</strong></span> <span class='ocrx_word' id='word_1_77' title='bbox 868 1998 1033 2068; x_wconf 90' lang='lat' dir='ltr'><strong>condunt</strong></span> <span class='ocrx_word' id='word_1_78' title='bbox 1062 2018 1221 2089; x_wconf 89' lang='lat' dir='ltr'><strong>perque</strong></span> <span class='ocrx_word' id='word_1_79' title='bbox 1251 1999 1327 2068; x_wconf 88' lang='lat' dir='ltr'><strong>iura</strong></span> <span class='ocrx_word' id='word_1_80' title='bbox 1349 1994 1411 2068; x_wconf 90' lang='lat' dir='ltr'><strong>seu</strong></span> <span class='ocrx_word' id='word_1_81' title='bbox 1442 1996 1577 2069; x_wconf 88' lang='lat' dir='ltr'><strong>statuta</strong></span> <span class='ocrx_word' id='word_1_82' title='bbox 1607 1997 1790 2068; x_wconf 79' lang='lat' dir='ltr'><strong>libertates</strong></span> 
     </span>
     <span class='ocr_line' id='line_1_11' title="bbox 451 2105 1791 2202; baseline -0.006 -18"><span class='ocrx_word' id='word_1_83' title='bbox 451 2107 600 2184; x_wconf 89' lang='lat' dir='ltr'><strong>ecclesre</strong></span> <span class='ocrx_word' id='word_1_84' title='bbox 625 2119 663 2180; x_wconf 92' lang='lat' dir='ltr'><strong>et</strong></span> <span class='ocrx_word' id='word_1_85' title='bbox 690 2105 969 2180; x_wconf 88' lang='lat' dir='ltr'><strong>eonsuetudines</strong></span> <span class='ocrx_word' id='word_1_86' title='bbox 996 2105 1197 2178; x_wconf 88' lang='lat' dir='ltr'><strong>huiusmodi</strong></span> <span class='ocrx_word' id='word_1_87' title='bbox 1223 2105 1363 2200; x_wconf 86' lang='lat' dir='ltr'><strong>pellunt</strong></span> <span class='ocrx_word' id='word_1_88' title='bbox 1389 2106 1547 2179; x_wconf 89' lang='lat' dir='ltr'><strong>subuerti</strong></span> <span class='ocrx_word' id='word_1_89' title='bbox 1578 2122 1616 2180; x_wconf 89' lang='lat' dir='ltr'><strong>et</strong></span> <span class='ocrx_word' id='word_1_90' title='bbox 1643 2110 1687 2180; x_wconf 90' lang='lat' dir='ltr'><strong>de</strong></span> <span class='ocrx_word' id='word_1_91' title='bbox 1712 2109 1791 2202; x_wconf 86' lang='lat' dir='ltr'><strong>alijs</strong></span> 
     </span>
     <span class='ocr_line' id='line_1_12' title="bbox 452 2215 1792 2312; baseline -0.001 -18"><span class='ocrx_word' id='word_1_92' title='bbox 452 2223 587 2296; x_wconf 90' lang='lat' dir='ltr'><strong>scilicet</strong></span> <span class='ocrx_word' id='word_1_93' title='bbox 605 2218 802 2310; x_wconf 87' lang='lat' dir='ltr'><strong>statuturijs</strong></span> <span class='ocrx_word' id='word_1_94' title='bbox 819 2215 1027 2312; x_wconf 83' lang='lat' dir='ltr'><strong>consiliarijs</strong></span> <span class='ocrx_word' id='word_1_95' title='bbox 1045 2228 1083 2288; x_wconf 92' lang='lat' dir='ltr'><strong>et</strong></span> <span class='ocrx_word' id='word_1_96' title='bbox 1101 2240 1227 2289; x_wconf 92' lang='lat' dir='ltr'><strong>eorum</strong></span> <span class='ocrx_word' id='word_1_97' title='bbox 1246 2219 1442 2289; x_wconf 85' lang='lat' dir='ltr'><strong>fautoribus</strong></span> <span class='ocrx_word' id='word_1_98' title='bbox 1465 2217 1653 2291; x_wconf 86' lang='lat' dir='ltr'><strong>statuendo</strong></span> <span class='ocrx_word' id='word_1_99' title='bbox 1670 2221 1792 2292; x_wconf 86' lang='lat' dir='ltr'><strong>‹lecer-</strong></span> 
     </span>
     <span class='ocr_line' id='line_1_13' title="bbox 451 2327 1789 2424; baseline -0.001 -20"><span class='ocrx_word' id='word_1_100' title='bbox 451 2337 570 2406; x_wconf 90' lang='lat' dir='ltr'><strong>nimus</strong></span> <span class='ocrx_word' id='word_1_101' title='bbox 591 2331 686 2424; x_wconf 90' lang='lat' dir='ltr'><strong>quod</strong></span> <span class='ocrx_word' id='word_1_102' title='bbox 709 2333 793 2423; x_wconf 87' lang='lat' dir='ltr'><strong>quia</strong></span> <span class='ocrx_word' id='word_1_103' title='bbox 818 2354 944 2400; x_wconf 89' lang='lat' dir='ltr'><strong>omnes</strong></span> <span class='ocrx_word' id='word_1_104' title='bbox 971 2329 1063 2402; x_wconf 89' lang='lat' dir='ltr'><strong>tales</strong></span> <span class='ocrx_word' id='word_1_105' title='bbox 1090 2331 1126 2400; x_wconf 91' lang='lat' dir='ltr'><strong>iu</strong></span> <span class='ocrx_word' id='word_1_106' title='bbox 1154 2352 1292 2400; x_wconf 88' lang='lat' dir='ltr'><strong>canone</strong></span> <span class='ocrx_word' id='word_1_107' title='bbox 1316 2329 1388 2400; x_wconf 90' lang='lat' dir='ltr'><strong>late</strong></span> <span class='ocrx_word' id='word_1_108' title='bbox 1416 2327 1596 2402; x_wconf 79' lang='lat' dir='ltr'><strong>sentencie</strong></span> <span class='ocrx_word' id='word_1_109' title='bbox 1626 2334 1789 2404; x_wconf 89' lang='lat' dir='ltr'><strong>incidunt</strong></span> 
     </span>
     <span class='ocr_line' id='line_1_14' title="bbox 450 2443 1791 2540; baseline -0.001 -24"><span class='ocrx_word' id='word_1_110' title='bbox 450 2469 514 2540; x_wconf 92' lang='lat' dir='ltr'><strong>pro</strong></span> <span class='ocrx_word' id='word_1_111' title='bbox 540 2445 860 2516; x_wconf 85' lang='lat' dir='ltr'><strong>excommunicatis</strong></span> <span class='ocrx_word' id='word_1_112' title='bbox 887 2443 1156 2512; x_wconf 80' lang='lat' dir='ltr'><strong>denuntientur</strong></span> <span class='ocrx_word' id='word_1_113' title='bbox 1173 2481 1181 2496; x_wconf 95' lang='lat'><strong>·</strong></span> <span class='ocrx_word' id='word_1_114' title='bbox 1201 2443 1240 2512; x_wconf 85' lang='lat' dir='ltr'><strong>Si</strong></span> <span class='ocrx_word' id='word_1_115' title='bbox 1264 2443 1340 2533; x_wconf 89' lang='lat' dir='ltr'><strong>quis</strong></span> <span class='ocrx_word' id='word_1_116' title='bbox 1357 2464 1440 2512; x_wconf 79' lang='lat' dir='ltr'><strong>vero</strong></span> <span class='ocrx_word' id='word_1_117' title='bbox 1466 2443 1699 2514; x_wconf 81' lang='lat' dir='ltr'><strong>beneficiatus</strong></span> <span class='ocrx_word' id='word_1_118' title='bbox 1726 2447 1791 2515; x_wconf 93' lang='lat' dir='ltr'><strong>im·</strong></span> 
     </span>
     <span class='ocr_line' id='line_1_15' title="bbox 450 2547 1790 2651; baseline -0.001 -23"><span class='ocrx_word' id='word_1_119' title='bbox 450 2552 629 2651; x_wconf 86' lang='lat' dir='ltr'><strong>posterum</strong></span> <span class='ocrx_word' id='word_1_120' title='bbox 664 2551 769 2648; x_wconf 89' lang='lat' dir='ltr'><strong>super</strong></span> <span class='ocrx_word' id='word_1_121' title='bbox 797 2553 919 2646; x_wconf 86' lang='lat' dir='ltr'><strong>aliquo</strong></span> <span class='ocrx_word' id='word_1_122' title='bbox 947 2547 1196 2647; x_wconf 84' lang='lat' dir='ltr'><strong>premillomm</strong></span> <span class='ocrx_word' id='word_1_123' title='bbox 1227 2554 1335 2625; x_wconf 82' lang='lat' dir='ltr'><strong>suerit</strong></span> <span class='ocrx_word' id='word_1_124' title='bbox 1364 2557 1548 2626; x_wconf 78' lang='lat' dir='ltr'><strong>conuictus</strong></span> <span class='ocrx_word' id='word_1_125' title='bbox 1578 2556 1790 2628; x_wconf 66' lang='lat' dir='ltr'><strong>austeritate</strong></span> 
     </span>
     <span class='ocr_line' id='line_1_16' title="bbox 450 2663 1789 2760; baseline -0.003 -21"><span class='ocrx_word' id='word_1_126' title='bbox 450 2664 551 2740; x_wconf 87' lang='lat' dir='ltr'><strong>istius</strong></span> <span class='ocrx_word' id='word_1_127' title='bbox 575 2663 701 2738; x_wconf 86' lang='lat' dir='ltr'><strong>statuti</strong></span> <span class='ocrx_word' id='word_1_128' title='bbox 733 2667 877 2737; x_wconf 89' lang='lat' dir='ltr'><strong>nouerit</strong></span> <span class='ocrx_word' id='word_1_129' title='bbox 903 2663 939 2738; x_wconf 91' lang='lat' dir='ltr'><strong>se</strong></span> <span class='ocrx_word' id='word_1_130' title='bbox 965 2664 1142 2737; x_wconf 82' lang='lat' dir='ltr'><strong>beneficio</strong></span> <span class='ocrx_word' id='word_1_131' title='bbox 1168 2663 1232 2736; x_wconf 93' lang='lat' dir='ltr'><strong>suo</strong></span> <span class='ocrx_word' id='word_1_132' title='bbox 1258 2667 1332 2736; x_wconf 87' lang='lat' dir='ltr'><strong>sore</strong></span> <span class='ocrx_word' id='word_1_133' title='bbox 1356 2668 1536 2760; x_wconf 87' lang='lat' dir='ltr'><strong>priuatum</strong></span> <span class='ocrx_word' id='word_1_134' title='bbox 1554 2706 1563 2722; x_wconf 91' lang='lat'><strong>·</strong></span> <span class='ocrx_word' id='word_1_135' title='bbox 1582 2663 1606 2736; x_wconf 89' lang='lat' dir='ltr'><strong>li</strong></span> <span class='ocrx_word' id='word_1_136' title='bbox 1630 2667 1789 2760; x_wconf 87' lang='lat' dir='ltr'><strong>preditus</strong></span> 
     </span>
     <span class='ocr_line' id='line_1_17' title="bbox 450 2777 1790 2877; baseline 0.001 -24"><span class='ocrx_word' id='word_1_137' title='bbox 450 2782 629 2877; x_wconf 77' lang='lat' dir='ltr'><strong>dignitate</strong></span> <span class='ocrx_word' id='word_1_138' title='bbox 647 2778 706 2850; x_wconf 82' lang='lat' dir='ltr'><strong>rel</strong></span> <span class='ocrx_word' id='word_1_139' title='bbox 731 2778 915 2873; x_wconf 86' lang='lat' dir='ltr'><strong>prelatura</strong></span> <span class='ocrx_word' id='word_1_140' title='bbox 930 2779 1051 2872; x_wconf 89' lang='lat' dir='ltr'><strong>aliqua</strong></span> <span class='ocrx_word' id='word_1_141' title='bbox 1073 2777 1277 2850; x_wconf 87' lang='lat' dir='ltr'><strong>huiusmodi</strong></span> <span class='ocrx_word' id='word_1_142' title='bbox 1301 2789 1516 2874; x_wconf 87' lang='lat' dir='ltr'><strong>attemptare</strong></span> <span class='ocrx_word' id='word_1_143' title='bbox 1542 2779 1790 2874; x_wconf 84' lang='lat' dir='ltr'><strong>presumpserit</strong></span> 
     </span>
     <span class='ocr_line' id='line_1_18' title="bbox 450 2887 1789 2984; baseline -0.001 -22"><span class='ocrx_word' id='word_1_144' title='bbox 450 2893 548 2962; x_wconf 91' lang='lat' dir='ltr'><strong>omni</strong></span> <span class='ocrx_word' id='word_1_145' title='bbox 573 2891 752 2984; x_wconf 80' lang='lat' dir='ltr'><strong>dignitato</strong></span> <span class='ocrx_word' id='word_1_146' title='bbox 775 2901 897 2962; x_wconf 89' lang='lat' dir='ltr'><strong>careat</strong></span> <span class='ocrx_word' id='word_1_147' title='bbox 917 2901 957 2962; x_wconf 94' lang='lat' dir='ltr'><strong>et</strong></span> <span class='ocrx_word' id='word_1_148' title='bbox 979 2889 1116 2960; x_wconf 91' lang='lat' dir='ltr'><strong>bonore</strong></span> <span class='ocrx_word' id='word_1_149' title='bbox 1137 2929 1146 2948; x_wconf 90' lang='lat'><strong>·</strong></span> <span class='ocrx_word' id='word_1_150' title='bbox 1169 2887 1195 2960; x_wconf 88' lang='lat' dir='ltr'><strong>sr</strong></span> <span class='ocrx_word' id='word_1_151' title='bbox 1214 2889 1324 2962; x_wconf 85' lang='lat' dir='ltr'><strong>laicus</strong></span> <span class='ocrx_word' id='word_1_152' title='bbox 1345 2890 1392 2962; x_wconf 92' lang='lat' dir='ltr'><strong>ab</strong></span> <span class='ocrx_word' id='word_1_153' title='bbox 1414 2887 1563 2962; x_wconf 78' lang='lat' dir='ltr'><strong>ecclesia</strong></span> <span class='ocrx_word' id='word_1_154' title='bbox 1587 2892 1789 2964; x_wconf 82' lang='lat' dir='ltr'><strong>infeodatos</strong></span> 
     </span>
     <span class='ocr_line' id='line_1_19' title="bbox 451 2998 1790 3098; baseline 0.003 -24"><span class='ocrx_word' id='word_1_155' title='bbox 451 3003 556 3074; x_wconf 82' lang='lat' dir='ltr'><strong>feodo</strong></span> <span class='ocrx_word' id='word_1_156' title='bbox 569 2998 631 3071; x_wconf 89' lang='lat' dir='ltr'><strong>suo</strong></span> <span class='ocrx_word' id='word_1_157' title='bbox 648 3003 811 3092; x_wconf 86' lang='lat' dir='ltr'><strong>priuetur</strong></span> <span class='ocrx_word' id='word_1_158' title='bbox 824 3041 833 3057; x_wconf 93' lang='lat'><strong>·</strong></span> <span class='ocrx_word' id='word_1_159' title='bbox 848 2998 874 3071; x_wconf 86' lang='lat' dir='ltr'><strong>li</strong></span> <span class='ocrx_word' id='word_1_160' title='bbox 894 3000 1046 3074; x_wconf 85' lang='lat' dir='ltr'><strong>clericus</strong></span> <span class='ocrx_word' id='word_1_161' title='bbox 1063 2998 1267 3072; x_wconf 85' lang='lat' dir='ltr'><strong>huiusmodi</strong></span> <span class='ocrx_word' id='word_1_162' title='bbox 1284 3003 1397 3074; x_wconf 85' lang='lat' dir='ltr'><strong>lacere</strong></span> <span class='ocrx_word' id='word_1_163' title='bbox 1413 3001 1597 3097; x_wconf 90' lang='lat' dir='ltr'><strong>presumat</strong></span> <span class='ocrx_word' id='word_1_164' title='bbox 1614 3014 1653 3074; x_wconf 89' lang='lat' dir='ltr'><strong>et</strong></span> <span class='ocrx_word' id='word_1_165' title='bbox 1670 3001 1790 3098; x_wconf 83' lang='lat' dir='ltr'><strong>postea</strong></span> 
     </span>
     <span class='ocr_line' id='line_1_20' title="bbox 450 3106 1790 3206; baseline 0.004 -22"><span class='ocrx_word' id='word_1_166' title='bbox 450 3113 494 3184; x_wconf 87' lang='lat' dir='ltr'><strong>ad</strong></span> <span class='ocrx_word' id='word_1_167' title='bbox 509 3106 785 3184; x_wconf 76' lang='lat' dir='ltr'><strong>ecclesiasticum</strong></span> <span class='ocrx_word' id='word_1_168' title='bbox 805 3111 1021 3183; x_wconf 86' lang='lat' dir='ltr'><strong>berrelieium</strong></span> <span class='ocrx_word' id='word_1_169' title='bbox 1037 3112 1148 3184; x_wconf 83' lang='lat' dir='ltr'><strong>luerit</strong></span> <span class='ocrx_word' id='word_1_170' title='bbox 1165 3110 1389 3206; x_wconf 84' lang='lat' dir='ltr'><strong>presentatus</strong></span> <span class='ocrx_word' id='word_1_171' title='bbox 1403 3113 1610 3188; x_wconf 86' lang='lat' dir='ltr'><strong>nullatenus</strong></span> <span class='ocrx_word' id='word_1_172' title='bbox 1622 3117 1790 3190; x_wconf 88' lang='lat' dir='ltr'><strong>admitta-</strong></span> 
     </span>
     <span class='ocr_line' id='line_1_21' title="bbox 452 3219 1786 3320; baseline 0.002 -23"><span class='ocrx_word' id='word_1_173' title='bbox 452 3237 512 3297; x_wconf 92' lang='lat' dir='ltr'><strong>tur</strong></span> <span class='ocrx_word' id='word_1_174' title='bbox 529 3221 592 3296; x_wconf 86' lang='lat' dir='ltr'><strong>nili</strong></span> <span class='ocrx_word' id='word_1_175' title='bbox 611 3246 730 3296; x_wconf 90' lang='lat' dir='ltr'><strong>coram</strong></span> <span class='ocrx_word' id='word_1_176' title='bbox 750 3221 947 3316; x_wconf 79' lang='lat' dir='ltr'><strong>‹lyoeelano</strong></span> <span class='ocrx_word' id='word_1_177' title='bbox 965 3219 1062 3294; x_wconf 93' lang='lat' dir='ltr'><strong>suam</strong></span> <span class='ocrx_word' id='word_1_178' title='bbox 1082 3221 1188 3317; x_wconf 90' lang='lat' dir='ltr'><strong>super</strong></span> <span class='ocrx_word' id='word_1_179' title='bbox 1208 3225 1276 3296; x_wconf 91' lang='lat' dir='ltr'><strong>boc</strong></span> <span class='ocrx_word' id='word_1_180' title='bbox 1292 3229 1497 3320; x_wconf 86' lang='lat' dir='ltr'><strong>purgauerit</strong></span> <span class='ocrx_word' id='word_1_181' title='bbox 1519 3229 1759 3300; x_wconf 88' lang='lat' dir='ltr'><strong>innocentiam</strong></span> <span class='ocrx_word' id='word_1_182' title='bbox 1778 3271 1786 3287; x_wconf 93' lang='lat'><strong>·</strong></span> 
     </span>
    </p>
   </div>
   <div class='ocr_carea' id='block_1_5' title="bbox 580 3444 1661 3542">
    <p class='ocr_par' dir='ltr' id='par_1_5' title="bbox 580 3444 1661 3542">
     <span class='ocr_line' id='line_1_22' title="bbox 580 3444 1661 3542; baseline 0 -22"><span class='ocrx_word' id='word_1_183' title='bbox 580 3447 620 3520; x_wconf 82' lang='lat' dir='ltr'><strong>L.</strong></span> <span class='ocrx_word' id='word_1_184' title='bbox 649 3444 869 3539; x_wconf 88' lang='lat' dir='ltr'><strong>Iusrascripti</strong></span> <span class='ocrx_word' id='word_1_185' title='bbox 888 3447 1227 3520; x_wconf 75' lang='lat' dir='ltr'><strong>excommunicandi</strong></span> <span class='ocrx_word' id='word_1_186' title='bbox 1247 3447 1327 3520; x_wconf 85' lang='lat' dir='ltr'><strong>sunt</strong></span> <span class='ocrx_word' id='word_1_187' title='bbox 1343 3465 1470 3542; x_wconf 85' lang='lat' dir='ltr'><strong>quater</strong></span> <span class='ocrx_word' id='word_1_188' title='bbox 1487 3453 1522 3521; x_wconf 94' lang='lat' dir='ltr'><strong>in</strong></span> <span class='ocrx_word' id='word_1_189' title='bbox 1541 3474 1661 3520; x_wconf 77' lang='lat' dir='ltr'><strong>aratro·</strong></span> 
     </span>
    </p>
   </div>
   <div class='ocr_carea' id='block_1_6' title="bbox 444 3667 1788 4660">
    <p class='ocr_par' dir='ltr' id='par_1_6' title="bbox 444 3667 1788 4660">
     <span class='ocr_line' id='line_1_23' title="bbox 450 3667 1788 3767; baseline -0.001 -23"><span class='ocrx_word' id='word_1_190' title='bbox 450 3673 545 3745; x_wconf 90' lang='lat' dir='ltr'><strong>ltem</strong></span> <span class='ocrx_word' id='word_1_191' title='bbox 563 3667 754 3744; x_wconf 87' lang='lat' dir='ltr'><strong>statuimus</strong></span> <span class='ocrx_word' id='word_1_192' title='bbox 771 3672 866 3763; x_wconf 88' lang='lat' dir='ltr'><strong>quod</strong></span> <span class='ocrx_word' id='word_1_193' title='bbox 888 3673 922 3741; x_wconf 92' lang='lat' dir='ltr'><strong>in</strong></span> <span class='ocrx_word' id='word_1_194' title='bbox 943 3667 1091 3766; x_wconf 82' lang='lat' dir='ltr'><strong>lingulis</strong></span> <span class='ocrx_word' id='word_1_195' title='bbox 1116 3669 1274 3766; x_wconf 84' lang='lat' dir='ltr'><strong>ecelesrjs</strong></span> <span class='ocrx_word' id='word_1_196' title='bbox 1299 3685 1370 3744; x_wconf 91' lang='lat' dir='ltr'><strong>tam</strong></span> <span class='ocrx_word' id='word_1_197' title='bbox 1398 3673 1554 3746; x_wconf 92' lang='lat' dir='ltr'><strong>militum</strong></span> <span class='ocrx_word' id='word_1_198' title='bbox 1572 3697 1679 3767; x_wconf 89' lang='lat' dir='ltr'><strong>quam</strong></span> <span class='ocrx_word' id='word_1_199' title='bbox 1702 3675 1788 3749; x_wconf 84' lang='lat' dir='ltr'><strong>alio·</strong></span> 
     </span>
     <span class='ocr_line' id='line_1_24' title="bbox 449 3783 1785 3880; baseline 0.004 -24"><span class='ocrx_word' id='word_1_200' title='bbox 449 3807 528 3856; x_wconf 92' lang='lat' dir='ltr'><strong>rum</strong></span> <span class='ocrx_word' id='word_1_201' title='bbox 560 3795 689 3876; x_wconf 91' lang='lat' dir='ltr'><strong>quater</strong></span> <span class='ocrx_word' id='word_1_202' title='bbox 718 3783 754 3854; x_wconf 95' lang='lat' dir='ltr'><strong>in</strong></span> <span class='ocrx_word' id='word_1_203' title='bbox 784 3805 879 3855; x_wconf 89' lang='lat' dir='ltr'><strong>armo</strong></span> <span class='ocrx_word' id='word_1_204' title='bbox 910 3785 947 3853; x_wconf 89' lang='lat' dir='ltr'><strong>in</strong></span> <span class='ocrx_word' id='word_1_205' title='bbox 979 3785 1153 3878; x_wconf 87' lang='lat' dir='ltr'><strong>proximis</strong></span> <span class='ocrx_word' id='word_1_206' title='bbox 1183 3785 1367 3859; x_wconf 87' lang='lat' dir='ltr'><strong>dominicis</strong></span> <span class='ocrx_word' id='word_1_207' title='bbox 1396 3783 1473 3880; x_wconf 83' lang='lat' dir='ltr'><strong>post</strong></span> <span class='ocrx_word' id='word_1_208' title='bbox 1502 3785 1785 3862; x_wconf 87' lang='lat' dir='ltr'><strong>obsemationem</strong></span> 
     </span>
     <span class='ocr_line' id='line_1_25' title="bbox 448 3893 1784 3996; baseline 0.006 -28"><span class='ocrx_word' id='word_1_209' title='bbox 448 3899 615 3982; x_wconf 88' lang='lat' dir='ltr'><strong>Quatuor</strong></span> <span class='ocrx_word' id='word_1_210' title='bbox 628 3893 847 3988; x_wconf 86' lang='lat' dir='ltr'><strong>Temporum</strong></span> <span class='ocrx_word' id='word_1_211' title='bbox 872 3897 1237 3970; x_wconf 81' lang='lat' dir='ltr'><strong>excommunicentur</strong></span> <span class='ocrx_word' id='word_1_212' title='bbox 1258 3899 1294 3968; x_wconf 92' lang='lat' dir='ltr'><strong>in</strong></span> <span class='ocrx_word' id='word_1_213' title='bbox 1312 3922 1444 3994; x_wconf 80' lang='lat' dir='ltr'><strong>genere</strong></span> <span class='ocrx_word' id='word_1_214' title='bbox 1462 3899 1618 3996; x_wconf 71' lang='lat' dir='ltr'><strong>sortilegi</strong></span> <span class='ocrx_word' id='word_1_215' title='bbox 1638 3904 1784 3976; x_wconf 79' lang='lat' dir='ltr'><strong>retrefiei</strong></span> 
     </span>
     <span class='ocr_line' id='line_1_26' title="bbox 449 4003 1786 4102; baseline 0.006 -23"><span class='ocrx_word' id='word_1_216' title='bbox 449 4006 655 4096; x_wconf 85' lang='lat' dir='ltr'><strong>iucemliarij</strong></span> <span class='ocrx_word' id='word_1_217' title='bbox 667 4003 896 4079; x_wconf 78' lang='lat' dir='ltr'><strong>ecclesiarum</strong></span> <span class='ocrx_word' id='word_1_218' title='bbox 914 4005 1085 4080; x_wconf 74' lang='lat' dir='ltr'><strong>fractores</strong></span> <span class='ocrx_word' id='word_1_219' title='bbox 1099 4008 1230 4101; x_wconf 82' lang='lat' dir='ltr'><strong>falsarij</strong></span> <span class='ocrx_word' id='word_1_220' title='bbox 1242 4007 1382 4102; x_wconf 82' lang='lat' dir='ltr'><strong>vibrarij</strong></span> <span class='ocrx_word' id='word_1_221' title='bbox 1397 4010 1573 4082; x_wconf 85' lang='lat' dir='ltr'><strong>mauiielli</strong></span> <span class='ocrx_word' id='word_1_222' title='bbox 1585 4023 1623 4084; x_wconf 90' lang='lat' dir='ltr'><strong>et</strong></span> <span class='ocrx_word' id='word_1_223' title='bbox 1633 4011 1786 4087; x_wconf 84' lang='lat' dir='ltr'><strong>scienter</strong></span> 
     </span>
     <span class='ocr_line' id='line_1_27' title="bbox 448 4114 1785 4216; baseline 0.004 -24"><span class='ocrx_word' id='word_1_224' title='bbox 448 4119 685 4215; x_wconf 83' lang='lat' dir='ltr'><strong>impedientes</strong></span> <span class='ocrx_word' id='word_1_225' title='bbox 702 4114 920 4191; x_wconf 77' lang='lat' dir='ltr'><strong>testamenta</strong></span> <span class='ocrx_word' id='word_1_226' title='bbox 945 4119 1126 4212; x_wconf 81' lang='lat' dir='ltr'><strong>legittime</strong></span> <span class='ocrx_word' id='word_1_227' title='bbox 1144 4122 1236 4194; x_wconf 72' lang='lat' dir='ltr'><strong>latta</strong></span> <span class='ocrx_word' id='word_1_228' title='bbox 1253 4135 1290 4192; x_wconf 92' lang='lat' dir='ltr'><strong>et</strong></span> <span class='ocrx_word' id='word_1_229' title='bbox 1307 4123 1414 4194; x_wconf 90' lang='lat' dir='ltr'><strong>ctiam</strong></span> <span class='ocrx_word' id='word_1_230' title='bbox 1439 4122 1676 4216; x_wconf 72' lang='lat' dir='ltr'><strong>impmlieutes</strong></span> <span class='ocrx_word' id='word_1_231' title='bbox 1693 4129 1785 4198; x_wconf 90' lang='lat' dir='ltr'><strong>ordi·</strong></span> 
     </span>
     <span class='ocr_line' id='line_1_28' title="bbox 447 4231 1784 4325; baseline 0.004 -21"><span class='ocrx_word' id='word_1_232' title='bbox 447 4235 564 4304; x_wconf 79' lang='lat' dir='ltr'><strong>norim</strong></span> <span class='ocrx_word' id='word_1_233' title='bbox 593 4255 664 4324; x_wconf 90' lang='lat' dir='ltr'><strong>quo</strong></span> <span class='ocrx_word' id='word_1_234' title='bbox 698 4231 818 4302; x_wconf 87' lang='lat' dir='ltr'><strong>miuus</strong></span> <span class='ocrx_word' id='word_1_235' title='bbox 852 4231 897 4303; x_wconf 92' lang='lat' dir='ltr'><strong>de</strong></span> <span class='ocrx_word' id='word_1_236' title='bbox 932 4231 1036 4302; x_wconf 73' lang='lat' dir='ltr'><strong>lionis</strong></span> <span class='ocrx_word' id='word_1_237' title='bbox 1071 4231 1227 4325; x_wconf 88' lang='lat' dir='ltr'><strong>ipsorum</strong></span> <span class='ocrx_word' id='word_1_238' title='bbox 1262 4233 1512 4306; x_wconf 86' lang='lat' dir='ltr'><strong>decedentium</strong></span> <span class='ocrx_word' id='word_1_239' title='bbox 1541 4236 1586 4307; x_wconf 87' lang='lat' dir='ltr'><strong>ab</strong></span> <span class='ocrx_word' id='word_1_240' title='bbox 1616 4235 1784 4310; x_wconf 87' lang='lat' dir='ltr'><strong>iutellatu</strong></span> 
     </span>
     <span class='ocr_line' id='line_1_29' title="bbox 445 4339 1784 4424; baseline 0.005 -7"><span class='ocrx_word' id='word_1_241' title='bbox 445 4345 638 4417; x_wconf 85' lang='lat' dir='ltr'><strong>seeundum</strong></span> <span class='ocrx_word' id='word_1_242' title='bbox 665 4339 962 4414; x_wconf 81' lang='lat' dir='ltr'><strong>eonibetudinem</strong></span> <span class='ocrx_word' id='word_1_243' title='bbox 989 4340 1140 4416; x_wconf 85' lang='lat' dir='ltr'><strong>erclesrc</strong></span> <span class='ocrx_word' id='word_1_244' title='bbox 1167 4343 1355 4420; x_wconf 86' lang='lat' dir='ltr'><strong>Scoticane</strong></span> <span class='ocrx_word' id='word_1_245' title='bbox 1374 4349 1444 4418; x_wconf 91' lang='lat' dir='ltr'><strong>rite</strong></span> <span class='ocrx_word' id='word_1_246' title='bbox 1462 4347 1602 4420; x_wconf 77' lang='lat' dir='ltr'><strong>valeant</strong></span> <span class='ocrx_word' id='word_1_247' title='bbox 1621 4351 1784 4424; x_wconf 87' lang='lat' dir='ltr'><strong>ordinare</strong></span> 
     </span>
     <span class='ocr_line' id='line_1_30' title="bbox 446 4455 1783 4556; baseline 0.004 -28"><span class='ocrx_word' id='word_1_248' title='bbox 446 4457 525 4528; x_wconf 89' lang='lat' dir='ltr'><strong>laici</strong></span> <span class='ocrx_word' id='word_1_249' title='bbox 551 4455 758 4526; x_wconf 85' lang='lat' dir='ltr'><strong>detinentes</strong></span> <span class='ocrx_word' id='word_1_250' title='bbox 788 4455 1004 4526; x_wconf 86' lang='lat' dir='ltr'><strong>inundentes</strong></span> <span class='ocrx_word' id='word_1_251' title='bbox 1035 4457 1245 4532; x_wconf 84' lang='lat' dir='ltr'><strong>fraudantes</strong></span> <span class='ocrx_word' id='word_1_252' title='bbox 1269 4473 1307 4530; x_wconf 92' lang='lat' dir='ltr'><strong>et</strong></span> <span class='ocrx_word' id='word_1_253' title='bbox 1329 4459 1534 4532; x_wconf 78' lang='lat' dir='ltr'><strong>auferentes</strong></span> <span class='ocrx_word' id='word_1_254' title='bbox 1562 4457 1783 4556; x_wconf 74' lang='lat' dir='ltr'><strong>prolleistoues</strong></span> 
     </span>
     <span class='ocr_line' id='line_1_31' title="bbox 444 4565 1781 4660; baseline 0.004 -19"><span class='ocrx_word' id='word_1_255' title='bbox 444 4583 507 4641; x_wconf 86' lang='lat' dir='ltr'><strong>aut</strong></span> <span class='ocrx_word' id='word_1_256' title='bbox 532 4568 601 4640; x_wconf 90' lang='lat' dir='ltr'><strong>alia</strong></span> <span class='ocrx_word' id='word_1_257' title='bbox 618 4589 833 4660; x_wconf 86' lang='lat' dir='ltr'><strong>quecunque</strong></span> <span class='ocrx_word' id='word_1_258' title='bbox 860 4568 937 4640; x_wconf 90' lang='lat' dir='ltr'><strong>iura</strong></span> <span class='ocrx_word' id='word_1_259' title='bbox 961 4565 1202 4644; x_wconf 74' lang='lat' dir='ltr'><strong>ecclesiastica</strong></span> <span class='ocrx_word' id='word_1_260' title='bbox 1226 4583 1291 4642; x_wconf 90' lang='lat' dir='ltr'><strong>aut</strong></span> <span class='ocrx_word' id='word_1_261' title='bbox 1314 4570 1499 4645; x_wconf 84' lang='lat' dir='ltr'><strong>libertates</strong></span> <span class='ocrx_word' id='word_1_262' title='bbox 1520 4589 1558 4646; x_wconf 92' lang='lat' dir='ltr'><strong>et</strong></span> <span class='ocrx_word' id='word_1_263' title='bbox 1579 4599 1703 4647; x_wconf 87' lang='lat' dir='ltr'><strong>omncs</strong></span> <span class='ocrx_word' id='word_1_264' title='bbox 1729 4575 1781 4648; x_wconf 90' lang='lat' dir='ltr'><strong>illi</strong></span> 
     </span>
    </p>
   </div>
   <div class='ocr_carea' id='block_1_7' title="bbox 0 0 2300 5954">
    <p class='ocr_par' dir='ltr' id='par_1_7' title="bbox 0 0 2300 5954">
     <span class='ocr_line' id='line_1_32' title="bbox 0 0 2300 5954; baseline 0 2"><span class='ocrx_word' id='word_1_265' title='bbox 0 0 2300 5954; x_wconf 95' lang='lat' dir='ltr'><strong> </strong></span> 
     </span>
    </p>
   </div>
  </div>
 </body>
</html>
