4564 5968
472 813 556 908 xc]
937 819 1347 895 Annnnonnnsn.
1747 839 1817 904 155

469 1009 639 1086 asseribus
673 1031 846 1114 cooperta
877 1045 983 1095 coreo
1018 1022 1101 1095 albo
1139 1023 1178 1094 in
1215 1020 1371 1095 secundo
1399 1018 1484 1090 folio
1513 1020 1613 1108 Quod
1647 1021 1815 1120 anpclnc·

468 1123 683 1219 (Hsydorus
701 1134 748 1205 dc
760 1131 900 1207 summo
919 1137 1015 1208 bono
1029 1147 1068 1208 et
1079 1135 1236 1228 quedam
1251 1131 1509 1204 concordancic
1525 1129 1631 1224 super
1642 1133 1736 1206 libro
1748 1135 1814 1208 Sc-

466 1240 559 1311 nicie
576 1242 615 1312 in
638 1239 793 1318 secundo
811 1247 898 1318 folio
913 1247 1008 1320 Eius
1024 1247 1069 1342 est
1088 1285 1096 1303 ·
1117 1244 1152 1315 n
1169 1242 1340 1315 Secunda
1357 1239 1512 1314 secunde
1534 1243 1655 1316 fratri·
1672 1243 1812 1320 Thomc

464 1350 509 1422 de
527 1351 676 1448 Aquino
692 1359 730 1429 in
747 1357 943 1454 [secundo]
959 1357 1046 1428 folio
1059 1353 1212 1444 Quorum
1223 1355 1271 1452 cll
1287 1346 1473 1426 intellectus
1497 1394 1506 1410 ·
1534 1353 1810 1453 (iAngustinus

464 1463 509 1534 de
522 1465 674 1541 ciuitate
687 1469 758 1542 Dci
770 1473 808 1541 in
826 1467 997 1541 asseribus
1012 1470 1049 1536 in
1064 1465 1221 1537 secundo
1236 1465 1321 1537 folio
1336 1465 1391 1538 Et
1390 1467 1569 1563 sententia
1582 1509 1590 1524 ·
1607 1467 1642 1538 n
1653 1469 1811 1544 tenura

463 1573 724 1653 sententiarum
742 1584 780 1652 in
797 1577 969 1653 afferibus
995 1579 1032 1648 in
1057 1579 1176 1672 primo
1202 1577 1288 1649 folio
1312 1577 1465 1675 Spiritus
1479 1580 1553 1650 eius
1568 1582 1706 1653 omauit
1722 1581 1809 1655 celos

461 1700 498 1760 et
517 1691 552 1762 in
570 1690 727 1764 secundo
740 1692 827 1763 folio
839 1688 883 1760 In
902 1697 1066 1784 quantum
1091 1727 1099 1744 ·
1122 1686 1158 1759 ΙΙ
1171 1687 1329 1762 Lctiiurn
1345 1687 1606 1762 sententiarum
1621 1701 1659 1763 et
1676 1695 1807 1787 incipit

470 1797 588 1874 Vtrum
594 1803 683 1902 frui
692 1841 700 1860 ·
714 1811 754 1874 ct
770 1803 808 1872 in
820 1799 976 1872 secundo
995 1799 1082 1870 folio
1106 1797 1241 1874 Anime
1257 1843 1265 1860 ·
1282 1800 1316 1872 (i
1333 1801 1476 1876 'rabula
1503 1799 1651 1875 subtilis·
1660 1800 1749 1876 scoti
1768 1815 1807 1877 et

459 1915 587 2009 incipit
609 1903 806 2011 Abstrafflio
824 1922 863 1982 et
879 1913 917 1982 in
944 1908 1101 1982 secundo
1127 1913 1213 1984 folio
1250 1911 1367 1986 Vtrum
1386 1913 1517 1986 staticus
1542 1957 1550 1972 ·
1579 1913 1613 1986 (I
1640 1913 1698 1988 De
1725 1941 1807 2012 pro-

457 2028 671 2119 prietatibus
700 2046 822 2096 rerum
848 2025 885 2094 in
917 2046 987 2093 vno
1017 2024 1202 2096 volumine
1228 2029 1265 2098 in
1287 2026 1444 2100 secundo
1470 2027 1555 2098 folio
1580 2026 1806 2125 Etspiritus

441 2131 597 2235 santii·
631 2136 792 2208 Mlius
818 2135 910 2206 liber
939 2134 985 2206 dc
1016 2139 1299 2230 proprietatibus
1329 2162 1448 2212 rerum
1476 2143 1514 2210 in
1535 2138 1691 2213 secundo
1717 2143 1804 2214 folio

456 2249 527 2324 Nec
560 2249 679 2322 ibiiicrn
713 2285 722 2302 ·
753 2243 1016 2340 (iMnnipulus
1047 2247 1176 2319 florum
1206 2251 1334 2348 incipit
1363 2255 1400 2324 in
1436 2249 1590 2324 secundo
1620 2253 1708 2324 folio
1742 2255 1807 2326 Ad

454 2359 653 2434 celencinm·
673 2357 707 2429 ii
725 2359 891 2430 Libcrdc
905 2361 1044 2430 naturis
1062 2362 1274 2434 animalium
1293 2365 1468 2458 incipiens
1487 2367 1523 2434 in
1541 2362 1699 2436 secundo
1715 2366 1803 2438 folio

454 2473 653 2568 apientilium
673 2513 681 2528 ·
702 2470 736 2541 ΙΙ
754 2467 914 2564 Epistolc
932 2469 1073 2544 Scnece
1090 2473 1135 2544 ad
1161 2472 1315 2547 Paulum
1342 2488 1381 2547 et
1407 2476 1589 2547 Lucilium
1606 2501 1691 2550 cum
1709 2489 1803 2552 trac-

454 2586 590 2657 tatibus
616 2585 693 2677 xiiij
721 2586 757 2654 in
784 2581 941 2655 secundo
960 2583 1047 2654 folio
1064 2585 1103 2655 in
1119 2593 1179 2656 tun
1192 2587 1335 2684 pcrsmzn
1352 2627 1361 2646 ·
1380 2585 1416 2658 ΙΙ
1434 2586 1645 2681 Manipuius
1671 2588 1801 2661 florum

452 2699 487 2767 in
502 2696 659 2769 secundo
673 2696 758 2767 solio
769 2695 984 2794 Anpessimn
994 2695 1032 2766 in
1042 2693 1129 2769 libro
1139 2695 1181 2768 de
1193 2697 1435 2793 questionibus·
1450 2697 1484 2768 (I
1497 2695 1713 2782 Qucstioncs
1724 2697 1801 2773 stuc

453 2809 588 2880 ietturn
605 2806 864 2880 sententiarum
887 2831 958 2900 quc
982 2808 1163 2901 incipiunt
1181 2809 1218 2878 in
1236 2812 1351 2902 primo
1369 2809 1455 2880 solio
1474 2809 1649 2907 Exemplo
1673 2814 1745 2883 ren'
1761 2828 1800 2885 et

451 2922 486 2990 in
505 2918 661 2992 secundo
675 2921 761 2992 solio
778 2917 973 3018 anpelorum
992 2916 1252 3014 ·([Expos1tio
1269 2923 1367 2993 beati
1386 2918 1563 3014 Ambrofij
1578 2920 1684 3016 super
1700 2924 1798 2996 beati

450 3033 670 3105 immaculati
699 3036 735 3104 in
764 3032 919 3104 secundo
951 3031 1038 3103 folio
1065 3033 1177 3102 rimus
1203 3071 1211 3087 ·
1238 3030 1272 3102 (I
1295 3033 1404 3104 Liber
1420 3029 1680 3104 confcssionum
1698 3035 1797 3108 beati

448 3142 643 3237 Augustini
662 3147 698 3216 in
717 3146 872 3217 secundo
891 3143 978 3215 folio
1001 3141 1129 3216 cedam
1148 3143 1207 3214 ,11
1219 3143 1357 3217 Tabulc
1383 3142 1488 3240 super
1512 3146 1735 3218 valerianum
1758 3160 1797 3220 et

448 3258 627 3349 incipiunt
658 3256 705 3331 Ut
726 3258 767 3330 de
784 3257 1010 3354 infrascripta
1028 3267 1067 3329 ct
1085 3257 1123 3327 in
1147 3252 1303 3329 secundo
1320 3257 1407 3327 folio
1431 3256 1569 3354 Jnfcnc
1591 3297 1599 3315 ·
1626 3255 1660 3328 (Ι
1685 3257 1796 3332 Liber

447 3370 616 3442 Ancclnii
645 3381 684 3442 ct
710 3373 838 3463 incipit
868 3368 957 3441 Tres
981 3359 1149 3440 trnCintm
1165 3377 1205 3439 ct
1222 3369 1259 3438 in
1283 3365 1438 3440 secundo
1464 3369 1549 3440 solio
1586 3367 1794 3443 Vnimtcm·

446 3479 686 3555 (IScnnones
705 3482 749 3554 dc
766 3481 897 3554 santtis
915 3492 953 3553 ct
972 3482 1101 3574 incipit
1118 3477 1164 3550 In
1186 3477 1301 3551 hanelo
1318 3503 1389 3551 men
1405 3492 1444 3550 ct
1471 3481 1506 3551 in
1531 3478 1688 3552 secundo
1707 3484 1794 3556 folio

443 3622 469 3665 s.
498 3605 529 3666 r!
552 3595 600 3666 nd
609 3595 721 3692 fidem
748 3636 756 3652 ·
783 3593 817 3664 n
840 3592 1048 3665 Bnrnnrdus
1066 3590 1173 3686 super
1188 3586 1348 3688 genesim
1369 3590 1478 3664 Terra
1489 3601 1598 3664 autem
1612 3603 1686 3664 erat
1698 3608 1738 3666 et
1755 3598 1793 3668 in

444 3706 599 3778 secundo
620 3708 707 3778 solio
725 3705 901 3778 Addidit·
930 3704 965 3775 n
991 3703 1146 3776 Summa
1168 3704 1324 3776 cantoris
1348 3699 1546 3798 parisicniis
1569 3706 1606 3776 in
1633 3703 1792 3779 seeundo

357 3817 363 3834 “
443 3818 529 3889 folin
553 3817 633 3892 Vics
646 3843 729 3891 cum
740 3819 821 3913 nlijs
832 3813 981 3889 «lineriis
995 3818 1209 3890 tractatibus
1223 3868 1233 3887 .
1247 3813 1281 3886 (Ι
1297 3810 1548 3909 Expoiitioncs
1559 3813 1791 3910 epistolarum

443 3930 547 4003 Pauli
565 3943 604 4003 et
622 3935 659 4002 in
678 3929 835 4004 secundo
854 3931 939 4002 solio
964 3927 1128 4026 Explicit
1145 3928 1205 3999 41
1221 3927 1442 4012 Quodiibctn
1459 3925 1577 4000 ofiani
1604 3939 1644 3999 ct
1660 3932 1790 4025 incipit

441 4041 565 4115 Prima
587 4043 715 4140 questio
731 4057 770 4115 ct
788 4047 824 4116 in
844 4043 1001 4115 secundo
1015 4043 1102 4113 foiio
1120 4038 1167 4113 In
1183 4038 1318 4136 nliquo·
1338 4035 1599 4124 (iQucstiones
1610 4040 1790 4116 Jonannis

441 4154 541 4227 Scoti
572 4153 678 4248 super
705 4158 820 4250 primo
844 4153 1105 4226 sententiarum
1137 4163 1176 4225 ct
1204 4155 1383 4246 incipiunt
1424 4149 1524 4224 Circa
1544 4152 1723 4251 pnolqpnm
1750 4169 1788 4228 ct

439 4269 475 4337 in
495 4265 651 4339 secundo
676 4267 763 4340 folio
789 4265 1047 4364 iilctlinsestcnm
1073 4267 1111 4337 in
1138 4288 1210 4336 vno
1236 4264 1420 4336 volumine
1446 4305 1454 4321 ·
1481 4261 1662 4337 Paitoi-aie
1688 4267 1787 4340 beati

440 4379 605 4475 Gregorij
633 4381 730 4452 benti
749 4377 931 4475 Ambrostj
950 4381 996 4452 dc
1012 4379 1139 4472 officijs
1156 4371 1399 4449 ministrorum
1425 4373 1598 4448 ccclciic·
1623 4375 1657 4447 ii
1675 4377 1789 4451 Libcr

439 4493 536 4566 beati
564 4491 739 4564 Barnardi
766 4493 812 4564 nd
840 4493 1047 4589 Eugenium
1086 4512 1216 4586 papam
1251 4490 1289 4560 in
1322 4487 1478 4561 secundo
1510 4488 1597 4561 folio
1625 4489 1748 4562 mmtdt'
1776 4531 1786 4550 ·

438 4602 474 4675 ΙΙ
486 4603 756 4677 Concordnncie
771 4603 944 4676 librorum
962 4602 1228 4675 sententiarum
1238 4602 1275 4673 in
1288 4613 1394 4672 tcxtn
1409 4613 1447 4674 ct
1465 4601 1592 4694 incipit
1602 4597 1787 4698 lyb'scltiie

435 4731 474 4792 et
500 4720 537 4789 in
564 4714 720 4791 secundo
746 4716 833 4789 solio
854 4717 956 4815 pinni
972 4754 981 4771 ·
1000 4713 1036 4786 ΙΙ
1054 4709 1240 4790 Pastornlo
1266 4709 1446 4806 Ambroiij
1465 4715 1502 4784 in
1519 4709 1677 4786 secundo
1695 4714 1783 4788 folio
