4546 5922
476 745 704 842 receuoir]
949 751 1352 827 ABERDONENSE.
1747 761 1818 826 393

572 1171 778 1272 Registrum
803 1175 1021 1253 admissionis
1051 1179 1270 1248 notariorum
1300 1176 1391 1245 inira
1418 1172 1596 1242 diocesem
1624 1172 1818 1245 Aberdon·

570 1287 689 1362 ensem
716 1293 851 1365 fastum
881 1314 945 1384 per
970 1288 1207 1360 reuerenduur
1234 1288 1271 1356 in
1290 1281 1430 1357 Christo
1458 1295 1597 1378 patrem
1626 1285 1815 1356 dominum

570 1401 801 1474 Willelmum
820 1398 1024 1495 episcopum
1036 1397 1331 1470 Aberdonensem
1343 1420 1432 1490 quos
1451 1397 1530 1466 vult
1542 1397 1587 1466 dc
1601 1407 1724 1467 cetero
1740 1397 1816 1468 fore

568 1512 703 1609 legales
733 1523 772 1586 et
788 1513 833 1586 ad
862 1509 1119 1583 tabellionatus
1145 1507 1301 1581 officium
1329 1511 1570 1581 exercendum
1596 1509 1757 1602 ydoneos
1775 1519 1813 1580 et

569 1623 689 1696 nullos
718 1624 807 1697 alios
841 1623 934 1694 infra
958 1620 1089 1692 distam
1117 1620 1292 1693 diocesem
1332 1632 1439 1715 prout
1466 1617 1643 1692 statutum
1670 1631 1750 1692 crat
1775 1623 1813 1690 in

569 1735 701 1830 synodo
719 1744 822 1808 tcnto
840 1757 904 1827 per
928 1733 1083 1805 eundem
1110 1734 1205 1828 apud
1234 1733 1332 1806 suam
1352 1728 1538 1805 ecelesiam
1566 1731 1811 1804 cathedralem

567 1844 863 1920 Aberdonenscm
881 1845 1021 1917 decimo
1039 1846 1149 1916 tertio
1167 1845 1225 1916 die
1243 1841 1373 1918 mensis
1386 1843 1525 1938 Aprilis
1551 1868 1646 1916 anno
1663 1843 1811 1914 Domini

567 1978 711 2030 aamxt.
730 1956 776 2027 In
787 1980 858 2049 quo
876 1955 1021 2049 quidem
1039 1952 1172 2050 synodo
1190 1953 1343 2052 suspensi
1358 1968 1463 2029 erant
1480 1980 1607 2028 omnes
1624 1969 1662 2028 ct
1682 1951 1810 2052 singuli

565 2069 696 2162 notarij
715 2067 808 2140 infra
824 2069 956 2140 distem
976 2065 1153 2140 diocesem
1172 2079 1437 2142 commorantes
1454 2070 1500 2140 ab
1518 2071 1694 2142 exercitio
1705 2065 1810 2160 officij

565 2181 765 2251 notariatus
778 2181 940 2273 exceptis
957 2174 1134 2275 magistris
1151 2178 1177 2251 J
1178 2180 1320 2252 ohanne
1337 2180 1485 2274 Gardyn
1502 2184 1640 2254 restore
1654 2182 1700 2251 de
1717 2179 1812 2275 'syre

564 2288 731 2384 magistro
750 2289 941 2362 Willelmo
959 2290 1043 2387 Hay
1062 2295 1196 2365 vicario
1221 2293 1267 2365 de
1293 2293 1433 2390 Mygvy
1458 2293 1628 2366 Jolranne
1647 2291 1809 2366 Giblirun

565 2398 677 2474 scriba
694 2403 829 2474 domini
855 2414 893 2474 et
921 2403 1119 2476 Laurentio
1137 2403 1261 2500 Clreyn
1289 2408 1387 2478 curie
1414 2400 1665 2478 consistorialis
1691 2407 1810 2478 Aber-

565 2508 730 2584 doncnlis
743 2515 853 2585 etiam
872 2513 984 2588 scriba
1001 2516 1194 2590 duntaxat.

788 2845 949 2923 Nomina
966 2848 1194 2925 admissorum
1213 2851 1449 2926 Notariorum
1470 2891 1478 2908 ·

511 3073 687 3171 Magister
702 3075 887 3149 lohannes
905 3076 1052 3171 Gardyn
1070 3081 1184 3150 resecr
1201 3080 1246 3151 dc
1262 3078 1354 3174 Tyrc
1375 3114 1382 3129 ·

512 3183 689 3283 Magister
706 3185 919 3259 Willelmus
936 3186 1021 3283 Hay
1038 3191 1192 3262 vicarius
1209 3194 1255 3264 ‹le
1273 3190 1435 3286 Mygvy·

511 3297 686 3394 Magister
697 3297 883 3372 Jolrannes
900 3296 1062 3373 Gibsoun
1081 3337 1090 3354 ·

510 3408 687 3506 Magister
705 3409 922 3484 Laurentius
938 3411 1063 3506 Chcyu
1082 3451 1091 3470 ·

511 3518 708 3618 [Magister
724 3520 845 3594 Dauid
864 3521 1087 3596 Nicholsoun
1105 3526 1143 3596 in
1160 3526 1292 3620 oppido
1309 3525 1560 3600 Aberdonenli
1577 3570 1584 3586 ·

510 3630 686 3729 Magister
701 3633 726 3704 J
729 3635 887 3708 ohannes
906 3635 1051 3730 Guthr5
1070 3675 1078 3692 ·

509 3745 663 3819 Thomas
681 3745 887 3841 Dalloqulry
904 3746 1015 3820 laicus
1033 3789 1042 3806 ·
1256 3749 1462 3848 [Duloqulry
1481 3774 1583 3824 necno
1595 3756 1744 3850 propriu
1761 3753 1802 3850 ·]

510 3853 686 3953 Magister
702 3858 857 3932 Thomas
872 3858 977 3933 Seres
995 3901 1003 3918 ·

509 3964 685 4064 Magister
702 3969 884 4046 Robcrtus
901 3969 1095 4045 Lumisdan
1114 3969 1314 4069 subscripsit
1332 4014 1341 4030 ·

509 4079 685 4176 Magister
701 4081 887 4156 lohannes
904 4082 987 4157 Bell
1005 4085 1167 4158 notarius
1184 4083 1408 4185 subscripsit·

509 4191 685 4288 Magister
700 4193 725 4264 J
726 4194 886 4268 ohannes
904 4194 1127 4270 Nicholsoun
1142 4237 1151 4254 ·

509 4303 686 4377 Dominus
703 4302 890 4380 lohannes
906 4305 1086 4382 'l'homson
1105 4345 1114 4362 ·

506 4417 692 4488 ‚lohannes
707 4415 911 4492 llowesoun
930 4462 938 4480 ·

510 4525 685 4624 Magister
701 4527 913 4604 Willclmus
931 4532 1140 4607 Meldrunr·

508 4637 684 4736 Magister
699 4638 885 4716 lohannes
901 4643 1073 4721 Chalmer
1089 4669 1200 4720 manu
1220 4655 1360 4745 propria
1378 4689 1386 4708 ·
