4564 5968
509 692 575 760 156
1018 689 1321 762 REGISTRUM
1681 700 1833 795 [secuti

503 889 687 982 episcopum
717 913 783 964 uon
818 887 931 962 oldam
958 927 966 944 ·
993 887 1027 956 (Ι
1052 885 1218 980 lsydorus
1248 886 1353 982 super
1380 899 1481 960 retus
1511 889 1770 971 testamentum
1795 903 1831 971 in

505 999 657 1074 secundo
676 1001 762 1074 lolio
780 999 1131 1092 Quartuutemprimo
1147 1038 1155 1054 ·
1171 996 1207 1067 (Ι
1221 997 1336 1070 Tituli
1354 997 1552 1073 sermonum
1573 1009 1699 1096 quinte
1723 1013 1834 1104 partic

505 1114 699 1208 collectorij
712 1115 749 1184 in
763 1113 916 1186 secundo
929 1109 1013 1181 solio
1027 1118 1142 1181 cetura
1155 1107 1274 1182 Adam
1293 1149 1301 1168 ·
1319 1109 1353 1182 (Ι
1372 1111 1573 1208 Epilogutio
1591 1121 1703 1192 totius
1720 1121 1832 1193 biblie

505 1229 540 1296 in
553 1229 675 1319 papiro
686 1227 723 1297 in
736 1223 889 1298 secundo
905 1219 1156 1292 solicitudine
1171 1219 1297 1304 Jacob·
1311 1222 1347 1295 (Ι
1359 1221 1560 1296 Barnardus
1570 1228 1615 1297 ad
1628 1227 1830 1325 Eugenium

504 1348 693 1430 coopertus
709 1337 747 1406 in
760 1335 996 1428 purchameno
1013 1333 1050 1401 in
1067 1329 1222 1405 secundo
1238 1335 1327 1407 folio
1341 1332 1453 1430 Neque
1467 1336 1560 1406 enim
1577 1377 1586 1394 ·
1605 1337 1640 1408 (Ι
1663 1339 1833 1436 Legenda

505 1471 612 1519 aurea
628 1450 665 1519 in
684 1442 935 1519 secundofolio
952 1434 1254 1538 cresanciacum
1266 1445 1449 1546 Mupulena
1469 1487 1477 1504 ·
1500 1447 1535 1518 (Ι
1548 1447 1708 1544 Epistola
1727 1452 1830 1523 Pauli

504 1561 548 1630 ad
563 1559 744 1630 Ronmnos
758 1559 795 1628 in
808 1553 961 1626 secundo
978 1553 1063 1624 lolio
1078 1551 1278 1652 Consecutus
1295 1613 1304 1630 .
1323 1556 1358 1630 (Ι
1375 1556 1584 1630 Psclterium
1601 1557 1779 1654 glosatum
1793 1565 1830 1634 in

503 1668 656 1741 secundo
681 1669 767 1740 folio
796 1665 845 1738 Ia
861 1667 935 1739 cia·
953 1664 987 1734 (Ι
1006 1663 1176 1760 Legenda
1192 1692 1302 1742 aurea
1318 1673 1355 1742 in
1378 1669 1530 1742 secundo
1557 1669 1643 1742 folio
1661 1673 1697 1743 in
1723 1684 1829 1744 textu

504 1781 564 1854 Dc
572 1771 702 1876 siradio
715 1777 878 1872 Geraesto
895 1817 902 1833 ·
921 1775 954 1844 (Ι
973 1773 1184 1848 Psulterium
1210 1779 1399 1873 pulchrum
1423 1783 1459 1853 in
1485 1778 1641 1854 secundo
1658 1782 1743 1854 folio
1762 1783 1833 1875 Qui

502 1891 627 1964 latitat
650 1899 749 1986 copul
773 1911 879 1960 mcum
905 1891 941 1959 in
967 1886 1068 1960 stallo
1094 1889 1138 1960 de
1165 1889 1259 1962 Elon
1285 1931 1294 1948 ·
1322 1891 1357 1962 (Ι
1374 1891 1477 1965 Vnus
1501 1893 1595 1966 liber
1619 1898 1679 1989 qui
1698 1897 1831 1968 dicitur

502 2027 629 2075 aurora
645 2003 763 2073 editus
780 2002 983 2094 nuperrime
1000 1997 1104 2093 super
1120 2000 1231 2074 biblia
1247 2003 1285 2072 in
1302 1999 1454 2076 secundo
1471 2005 1558 2078 solio
1579 1991 1613 2080 vl
1633 2005 1802 2082 Zacltura'a
1820 2051 1828 2066 ·

504 2115 538 2187 (Ι
565 2114 778 2188 Catholicon
806 2109 941 2207 glosata
971 2114 1006 2182 in
1036 2110 1188 2184 secundo
1222 2113 1309 2185 solio
1342 2107 1521 2212 mcducule
1553 2159 1562 2175 ·
1597 2119 1633 2190 (Ι
1662 2119 1831 2214 llylloria

502 2229 654 2298 Troiana
670 2228 708 2296 in
726 2221 880 2296 secundo
897 2223 981 2294 lolio
998 2219 1044 2295 Ia
1066 2221 1295 2298 Troianorum
1321 2267 1330 2284 ·
1351 2225 1383 2298 (Ι
1404 2225 1579 2324 Magister
1595 2232 1641 2303 de
1659 2231 1828 2327 Hylloriu

504 2339 606 2434 l'upcr
631 2337 741 2410 biblia
765 2337 871 2408 datus
896 2359 959 2428 pcr
982 2333 1189 2432 magistrum
1217 2335 1415 2410 Henricum
1440 2350 1623 2414 cantorem
1646 2345 1773 2438 incipit
1791 2348 1826 2416 in

501 2453 654 2526 secundo
670 2449 756 2522 solio
780 2459 835 2522 tro
857 2447 1096 2546 dffposttiouern
1118 2489 1127 2506 ·
1152 2447 1186 2520 (Ι
1212 2447 1324 2520 Libcr
1340 2448 1385 2520 dc
1399 2446 1634 2526 ecclesiastica
1649 2452 1828 2548 potestate

501 2589 545 2636 cx
563 2564 756 2638 donatione
773 2561 858 2633 didti
872 2555 1027 2655 magistri
1043 2559 1191 2633 Henrici
1209 2562 1246 2631 in
1266 2555 1418 2632 seeundo
1440 2561 1526 2633 lolio
1543 2561 1606 2660 Est
1602 2565 1804 2660 spiritualis
1818 2609 1826 2624 ·

504 2677 609 2748 liber
626 2675 671 2746 de
691 2667 964 2746 conseillonibus
981 2696 1027 2743 cx
1045 2674 1238 2744 donatione
1257 2670 1433 2743 Willelmi
1451 2671 1604 2746 Calabro
1620 2679 1680 2768 qui
1700 2681 1826 2771 incipit

500 2789 686 2884 teodericum
701 2786 788 2856 etin
802 2779 954 2856 secundo
971 2783 1056 2855 lolio
1066 2780 1111 2855 Ic
1131 2807 1196 2879 quo
1206 2783 1370 2855 docemur
1384 2823 1393 2840 ·
1408 2780 1441 2853 (Ι
1455 2782 1550 2856 Item
1568 2789 1727 2881 quinque
1744 2790 1824 2863 libri

499 2904 534 2970 in
555 2923 623 2970 vno
641 2895 822 2968 volumine
840 2933 848 2952 ·
868 2893 1008 2964 Primus
1025 2895 1070 2966 de
1088 2895 1191 2966 bellis
1207 2891 1425 2965 Alleriorum
1442 2893 1654 2970 ·Sccundus
1665 2902 1709 2972 dc
1722 2901 1825 2975 bellis

497 3013 729 3083 Troianorum
747 3006 910 3078 ·Tcrtius
935 3005 980 3076 dc
997 3007 1101 3078 bellis
1125 3005 1316 3077 Britonunt
1335 3005 1514 3090 -Quartus
1540 3008 1586 3082 de
1610 3010 1761 3108 [tallagio
1779 3016 1822 3086 ud

498 3141 627 3196 tenum
644 3119 798 3192 sanilam
819 3157 826 3174 ·
846 3116 1003 3201 Quintus
1019 3117 1064 3188 dc
1082 3117 1304 3190 mirabilibus
1321 3119 1442 3190 mundi
1467 3119 1593 3216 incipit
1615 3125 1651 3194 in
1669 3122 1824 3198 secundo

499 3236 582 3308 tulto
593 3233 683 3306 Dico
694 3239 804 3302 cutem
814 3225 974 3324 prtssdun
996 3252 1041 3300 cx
1059 3230 1253 3301 donatione
1270 3225 1423 3324 magistri
1437 3229 1586 3305 lleurici
1603 3234 1728 3330 Ilcrvy
1740 3261 1824 3309 cun·

497 3349 583 3418 toris
606 3385 615 3402 ·
642 3342 676 3414 G
702 3341 832 3415 Scotus
857 3343 893 3410 in
920 3339 1009 3411 libro
1035 3340 1291 3412 scutentiurum
1318 3343 1442 3435 incipit
1464 3340 1704 3420 Samaritana
1729 3361 1767 3420 ct
1785 3351 1820 3421 iu

497 3459 649 3530 licando
667 3454 751 3526 folio
764 3477 823 3525 uec
839 3476 951 3525 crcurc
963 3489 971 3506 ·
982 3451 1015 3523 (
1027 3450 1240 3538 Questiones
1250 3449 1593 3550 magistrilohuuuis
1605 3458 1703 3531 Scoti
1717 3457 1823 3554 super

495 3587 567 3644 trec
586 3569 694 3641 libros
720 3565 975 3638 sententiarum
993 3567 1030 3636 in
1048 3563 1201 3638 secundo
1219 3563 1305 3636 folio
1322 3563 1484 3638 Audoaut
1500 3605 1509 3624 ·
1528 3565 1562 3638 (Ι
1581 3568 1705 3642 Vnum
1733 3595 1820 3666 pon-

493 3681 626 3756 tilicule
642 3677 823 3771 solempne
833 3700 879 3748 cx
893 3677 986 3748 dono
1005 3676 1183 3772 Ingerami
1201 3672 1356 3771 episcopi
1372 3675 1628 3752 Abirdoucnsrs
1646 3683 1820 3778 incipiens

493 3799 528 3866 in
547 3791 701 3866 secundo
712 3789 798 3862 lolio
813 3787 941 3862 Sericos
953 3799 1029 3862 tuos
1046 3827 1055 3844 ·
1073 3787 1106 3860 (Ι
1124 3787 1251 3860 l'num
1268 3787 1367 3862 aliud
1382 3789 1588 3882 pontificale
1605 3795 1641 3864 in
1664 3792 1819 3866 secundo

494 3907 577 3978 folio
607 3901 706 3976 Ordo
725 3899 849 3998 [plera
873 3900 1039 3998 producut
1065 3939 1073 3958 ·
1097 3900 1131 3970 t:
1162 3899 1257 3972 ltem
1283 3921 1393 3972 vnum
1420 3899 1518 3972 uliud
1548 3905 1755 3997 pontificale
1779 3910 1815 3978 in

492 4017 645 4090 secundo
670 4013 756 4086 solio
781 4009 876 4110 luisti
901 4013 963 4082 ·[
996 4009 1155 4085 l'elliulc
1178 4025 1216 4084 et
1242 4009 1334 4083 llbcr
1357 4011 1401 4084 dc
1425 4010 1669 4088 ecclesiasticis
1694 4019 1819 4112 officijs

490 4131 614 4224 incipit
626 4122 822 4200 insecundo
833 4123 917 4195 lolio
925 4123 1029 4196 tendit
1026 4123 1142 4218 finitis
1154 4177 1162 4195 .
1177 4122 1211 4192 (Ι
1220 4123 1411 4196 Sermones
1420 4123 1679 4218 dequibusdam
1691 4126 1819 4203 saedis

489 4243 614 4336 incipit
644 4239 690 4310 de
715 4233 869 4308 secundo
899 4233 983 4306 solio
1010 4249 1134 4309 textus
1156 4231 1205 4308 Et
1227 4233 1327 4332 asper
1351 4235 1416 4307 ·(
1445 4233 1569 4309 Vnum
1595 4241 1762 4313 manuale
1778 4245 1815 4314 in

490 4354 672 4451 perumiuo
697 4349 824 4442 incipit
858 4345 1074 4420 insecundo
1108 4346 1194 4418 solio
1229 4343 1429 4442 Uauqucpue
1453 4371 1499 4422 ex
1525 4349 1620 4423 douo
1656 4351 1812 4448 mugillri

489 4467 638 4541 ilenrici
664 4459 794 4556 Rynde
810 4499 819 4518 ·
838 4459 871 4530 d
891 4457 1014 4530 Vnum
1040 4458 1245 4553 pontificale
1270 4457 1441 4554 incipient
1467 4459 1530 4534 Ad
1543 4461 1687 4562 casulam
1713 4479 1750 4538 et
1778 4467 1814 4538 in

487 4577 639 4650 secundo
657 4574 743 4646 lolio
759 4571 885 4666 incipit
902 4563 1103 4644 Bmcditflio
1120 4613 1127 4628 ·
