4612 5964
968 715 1376 792 ABERDONENSE.

971 1029 1162 1124 Capeliani
1179 1028 1345 1122 perpetui
1363 1067 1371 1083 ·

491 1252 537 1324 In
563 1253 690 1347 primis
706 1255 752 1328 de
770 1252 977 1349 Galquhole
994 1274 1021 1323 x
1038 1272 1159 1321 marce
1176 1249 1238 1317 vni
1264 1245 1449 1340 capellano
1475 1270 1538 1340 pro
1564 1249 1685 1322 anima
1701 1251 1839 1325 domini

491 1363 613 1437 Dauid
630 1368 727 1464 regis
743 1365 869 1440 Scotie
888 1359 1038 1435 illustris
1055 1399 1064 1416 ·

489 1474 549 1548 De
585 1477 689 1574 Logy
718 1479 756 1552 in
792 1477 895 1550 Marr
924 1498 950 1544 x
977 1492 1099 1542 maroe
1129 1469 1192 1540 vni
1226 1467 1411 1562 capellano
1445 1492 1509 1562 pro
1542 1473 1662 1545 anima
1696 1479 1838 1550 comitis

489 1587 661 1662 Dnncani
677 1626 687 1646 ·

489 1700 548 1774 De
565 1699 777 1796 Kyldrumy
794 1723 819 1772 x
837 1717 959 1768 marce
977 1714 1042 1785 pro
1060 1691 1183 1762 anima
1199 1689 1336 1762 Thomu
1353 1693 1495 1763 comitis
1513 1693 1558 1764 de
1577 1693 1705 1767 Marr-

480 1811 547 1908 ‘De
566 1812 680 1906 Falay
696 1811 730 1904 vj
750 1811 842 1882 libre
860 1828 924 1900 pro
941 1804 1064 1875 anima
1081 1801 1165 1873 Ado
1183 1801 1328 1898 Pyngill
1346 1843 1355 1861 ·

488 1923 546 1996 De
563 1921 731 2018 hospitali
758 1919 856 1993 beati
874 1915 977 1986 Petri
1003 1935 1115 2006 prope
1133 1913 1330 1986 Aberdene
1346 1915 1497 1987 fundato
1514 1939 1578 2009 per
1595 1923 1837 1995 reuerendnm

486 2044 629 2128 patrem
650 2037 688 2106 in
705 2028 849 2105 Christo
875 2036 914 2101 et
940 2027 1130 2100 dominum
1156 2026 1343 2098 dominum
1361 2026 1562 2100 Henricum
1581 2030 1627 2101 de
1645 2029 1836 2126 Lyclrtone

485 2169 551 2239 pro
584 2145 623 2218 se
656 2138 937 2217 antecelloribus
975 2148 1014 2210 et
1052 2133 1308 2210 succelloribus
1346 2137 1416 2211 suis
1450 2163 1501 2210 xx
1535 2164 1655 2215 marce
1694 2145 1835 2219 duobus

485 2257 683 2351 capellanis
700 2295 708 2313 ·

486 2479 603 2575 [Item
622 2478 695 2549 duo
713 2475 892 2570 capellani
910 2473 1053 2544 fundati
1076 2495 1142 2566 per
1159 2471 1345 2544 dominnm
1363 2471 1563 2545 Robertum
1581 2476 1628 2549 de
1645 2477 1771 2552 Ketlre
1789 2482 1835 2554 de

485 2614 535 2662 xx
553 2588 685 2661 mareis
701 2587 747 2660 de
764 2586 935 2680 Kyntore
952 2623 961 2642 ·

485 2701 583 2773 Item
600 2699 811 2793 capellanus
829 2698 964 2770 (lamini
984 2694 1165 2790 Ingerami
1185 2691 1339 2787 episcopi
1358 2695 1527 2768 fundatus
1545 2698 1590 2770 de
1603 2701 1691 2794 xviij
1707 2707 1835 2776 mareis

483 2815 529 2885 de
547 2813 583 2884 le
602 2809 785 2884 Westhall
804 2810 971 2904 parochie
989 2808 1035 2880 de
1052 2804 1163 2899 Onyn
1182 2845 1190 2862 ·

484 2922 579 2995 Item
607 2921 816 3015 capellanus
842 2915 1001 3014 magistri
1019 2917 1044 2988 J
1047 2917 1199 2989 ohannis
1216 2915 1301 2988 Clat
1318 2917 1490 2990 fundatus
1507 2920 1553 2992 de
1569 2922 1620 3014 xij
1639 2928 1771 2998 marcis
1788 2929 1834 2999 de

484 3037 593 3107 certis
610 3036 718 3106 terris
735 3034 781 3108 de
799 3032 973 3105 Abcrden
993 3067 1001 3086 ·

484 3145 580 3219 Item
604 3143 814 3239 capellanus
839 3138 998 3236 magistri
1024 3139 1217 3232 Laureneij
1246 3139 1411 3232 Duncanj
1439 3141 1610 3215 fundatus
1637 3146 1684 3218 de
1710 3172 1832 3221 annno

481 3258 627 3330 redditu
645 3258 772 3329 decem
790 3275 992 3327 marcarum
1010 3253 1057 3322 de
1076 3251 1181 3324 terris
1198 3251 1243 3322 de
1262 3250 1385 3345 Morfp
1402 3275 1512 3346 prope
1531 3253 1702 3330 Montros
1720 3301 1729 3318 ·

481 3368 579 3440 ltenr
597 3367 807 3462 capellanus
825 3366 920 3436 bone
937 3363 1113 3433 memorie
1130 3361 1312 3456 quondam
1330 3364 1518 3435 reuerendi
1544 3370 1656 3458 patris
1674 3369 1829 3466 episcopi

479 3479 620 3552 'rhome
638 3479 757 3572 Spens
773 3478 948 3549 fundatus
964 3513 973 3532 ·

482 3589 578 3663 ltem
614 3589 817 3684 capellania
851 3580 1009 3680 magistri
1042 3584 1193 3658 Andree
1220 3582 1327 3678 Lyell
1357 3584 1508 3660 fundata
1536 3590 1581 3662 ad
1611 3592 1761 3664 vicarios
1792 3597 1829 3666 in

479 3723 711 3774 communem
730 3699 888 3772 valoris·

479 3814 576 3886 Item
607 3812 809 3906 capellania
839 3833 904 3904 per
932 3803 1144 3902 magistrum
1172 3806 1424 3880 Alexandrum
1454 3808 1608 3884 Callane
1637 3814 1682 3885 ad
1713 3816 1828 3890 altare

478 3927 577 4000 beati
596 3925 635 3998 N
638 3923 767 3996 iclrolai
786 3962 795 3981 ·

479 4036 576 4110 luera
607 4035 808 4130 capellania
837 4031 991 4104 fundata
1024 4051 1090 4122 per
1118 4026 1327 4126 magistrum
1357 4029 1608 4108 Alexandrum
1640 4035 1827 4116 Cabellule

477 4150 654 4222 reatorem
680 4146 726 4220 de
752 4143 973 4238 Banqnlrory
998 4141 1044 4212 ad
1070 4140 1187 4214 altare
1212 4142 1308 4215 beati
1335 4140 1517 4218 Dominiei
1545 4169 1569 4218 x
1596 4147 1688 4222 libre
1714 4157 1827 4226 annui

476 4259 642 4334 redditus
659 4258 705 4331 de
723 4259 828 4330 terris
841 4256 887 4327 ‹le
901 4252 1105 4326 Moreeroft
1121 4275 1206 4324 cum
1223 4255 1456 4348 pertineneijs
1473 4259 1535 4351 qni
1552 4261 1597 4331 ad
1615 4264 1826 4340 continuum

477 4375 514 4446 in
532 4365 685 4445 eccleisa
701 4360 953 4442 Aberdonensr
969 4359 1181 4460 astringitur
1196 4361 1427 4440 residentium
1443 4365 1472 4462 ·]
