4568 5952
451 705 522 771 310
975 693 1281 768 REGISTRUM
1636 698 1789 795 [sucum

453 893 559 968 nlsoft
575 919 615 968 us
632 898 717 970 ueid
734 897 812 970 beio
828 897 898 970 und
916 917 955 968 us
973 917 1027 967 we
1044 895 1090 967 be
1107 895 1256 988 requirit
1273 896 1319 967 be
1335 903 1380 986 pe
1398 889 1471 965 said
1488 895 1562 966 erle
1579 896 1634 967 his
1652 899 1734 970 airis
1750 921 1792 968 or

452 1005 680 1083 successeuris
696 1033 742 1105 ey
757 1011 829 1083 und
847 1009 947 1104 quiril
964 1008 1039 1081 thui
1057 1009 1104 1080 be
1121 1008 1258 1103 sundyn
1276 1004 1453 1080 sufficient
1478 1006 1524 1077 be
1550 1005 1612 1076 the
1637 1009 1738 1080 erice
1755 1010 1797 1079 of

454 1144 539 1194 uren
556 1124 599 1194 of
610 1123 800 1220 kueulege
816 1126 887 1196 und
929 1155 1791 1181 ···············

455 1567 562 1644 Misse
577 1572 786 1665 quotidiune
795 1568 960 1640 fundatio
972 1591 1054 1641 eum
1067 1568 1207 1640 duobus
1216 1567 1467 1662 anniuersarijs
1478 1589 1541 1662 pro
1552 1567 1791 1657 animoquon-

453 1683 536 1754 dem
549 1679 729 1753 Willelmi
742 1674 956 1772 Eiphinstnn
969 1677 1238 1750 Aberdonensro
1255 1678 1411 1774 episcopi
1423 1703 1488 1776 per
1501 1678 1789 1752 archidiaconum

453 1787 749 1864 Abcrdonensem
768 1789 947 1883 applicate
959 1790 1005 1861 de
1019 1790 1121 1861 bouis
1139 1791 1223 1862 diei
1241 1792 1378 1863 domini
1395 1788 1551 1886 episcopi
1567 1827 1577 1845 ·

450 2001 483 2102 J
487 2029 646 2100 ohannes
672 2023 898 2098 miseratione
927 2025 1052 2098 diuino
1076 2027 1171 2118 prior
1197 2020 1346 2097 ecclesie
1373 2025 1652 2121 metropolitane
1678 2022 1787 2097 sanai

451 2141 600 2212 Andree
618 2160 758 2209 necnon
777 2147 815 2210 et
832 2134 915 2209 sede
941 2147 1092 2210 vacante
1109 2137 1261 2209 vicarius
1284 2137 1463 2232 generalis
1489 2133 1646 2208 eiusdem
1666 2158 1790 2207 vener-

451 2253 537 2326 abili
556 2254 631 2323 viro
645 2251 791 2322 domino
807 2247 945 2322 Thome
963 2249 1137 2344 Myrtone
1162 2248 1412 2321 archidiacono
1429 2243 1681 2322 Aberdoucnsr
1697 2245 1789 2320 suiu-

451 2377 527 2436 tem
557 2403 565 2420 ·
596 2361 692 2446 Quin
722 2385 769 2433 ex
799 2363 942 2456 proprie
968 2358 1083 2434 vestre
1112 2355 1327 2433 consessione
1356 2362 1477 2433 dicitis
1505 2383 1568 2432 vos
1592 2361 1724 2433 habere
1750 2361 1787 2431 iu

450 2471 612 2570 deposrto
637 2486 677 2547 et
701 2470 863 2546 custodie
888 2496 911 2545 u
936 2473 1134 2546 reuereudo
1161 2475 1198 2544 iu
1228 2469 1371 2544 Christo
1398 2482 1502 2564 putre
1529 2474 1588 2567 pie
1615 2473 1787 2545 memorie

450 2589 597 2660 domino
607 2584 799 2657 Willelmo
810 2581 974 2680 episcopo
986 2579 1234 2658 Aberdonensi
1247 2586 1284 2655 in
1298 2592 1450 2679 urgento
1460 2595 1499 2657 et
1511 2607 1599 2656 euro
1612 2582 1787 2656 summum

448 2701 687 2772 ducentorum
705 2697 911 2789 quindecim
934 2695 1104 2768 librorum
1130 2696 1189 2788 xvj
1208 2698 1238 2768 ἔ.
1257 2697 1294 2766 ix
1311 2691 1347 2766 d.
1366 2692 1497 2766 usualis
1522 2705 1669 2766 monete
1685 2699 1785 2791 regni

449 2812 574 2886 Scotie
587 2831 729 2881 necnon
745 2806 872 2880 decem
884 2808 1034 2882 ducatos
1050 2810 1203 2880 maiores
1213 2829 1366 2900 quorum
1377 2805 1533 2899 quilibet
1546 2805 1643 2878 ualet
1660 2806 1786 2878 decem

448 2925 599 2994 ducatos
617 2916 780 2991 vsuulee·
807 2917 903 2990 ltenr
930 2919 1020 2990 duos
1043 2920 1192 2991 ducatos
1217 2940 1369 3011 quorum
1395 2916 1550 3010 quidibet
1575 2916 1673 2990 volet
1697 2920 1786 2990 duos

448 3037 599 3118 ducatos
616 3029 755 3102 vsuuleo
781 3053 863 3101 cunr
891 3052 962 3101 vno
979 3030 1015 3124 ly
1032 3030 1131 3123 ryoie
1147 3029 1325 3124 gallicano
1343 3028 1488 3101 volente
1511 3052 1562 3100 xx
1579 3031 1609 3101 ἔ.
1636 3026 1787 3126 Insuper

448 3145 611 3218 fatemini
628 3141 762 3214 hebere
778 3141 824 3214 ab
842 3142 968 3213 eodem
986 3165 1097 3214 vnum
1111 3137 1290 3213 falsarium
1308 3151 1520 3236 argenteum
1538 3142 1705 3236 ponderis
1721 3144 1784 3234 xiij

446 3277 641 3330 vnceurum
658 3265 698 3325 et
713 3250 775 3324 sex
801 3253 953 3325 annulos
975 3276 1102 3326 eureos
1118 3277 1246 3348 paruos
1271 3254 1439 3348 ponderis
1461 3255 1566 3325 vuius
1583 3275 1697 3326 vucee
1720 3265 1784 3326 aut

446 3371 586 3442 eocircu
611 3406 620 3425 ·
647 3365 864 3459 quequidem
890 3363 1029 3438 summe
1045 3367 1197 3460 pecunie
1222 3368 1258 3436 in
1285 3377 1436 3460 urgento
1453 3376 1492 3438 et
1517 3388 1604 3437 uuro
1628 3361 1783 3438 restabat

446 3484 484 3554 in
502 3480 668 3553 manibus
686 3475 811 3548 restris
828 3488 992 3572 tempore
1004 3479 1126 3550 obitus
1142 3479 1225 3550 ortu
1244 3473 1399 3571 episcopi
1416 3514 1425 3533 ·
1444 3475 1524 3548 Nos
1544 3477 1655 3572 igitur
1670 3479 1783 3548 totius

445 3593 541 3666 diue
559 3588 697 3662 summe
719 3611 781 3660 uos
806 3601 1037 3662 executorem
1056 3613 1120 3684 per
1143 3588 1327 3685 presentes
1345 3588 1473 3660 dumne
1498 3585 1719 3660 instituimus
1743 3604 1781 3661 et

444 3705 699 3780 confirmemus
727 3713 768 3772 vt
812 3703 881 3775 hoc
907 3703 1014 3774 modo
1049 3724 1114 3796 per
1149 3723 1211 3772 vos
1240 3697 1476 3772 distribuatur
1509 3739 1518 3758 ·
1557 3698 1652 3771 Num
1686 3701 1782 3771 otto·

443 3819 547 3914 ginta
578 3835 717 3885 mercor
747 3813 878 3885 dabitis
911 3835 975 3908 pro
1003 3814 1156 3886 emendo
1186 3811 1341 3907 quodum
1376 3820 1457 3882 orto
1498 3818 1538 3884 et
1571 3820 1781 3884 tenemento

444 3928 615 4002 frutribus
647 3924 846 3996 minoribus
888 3923 934 3996 de
969 3924 1139 3997 Aberden
1175 3921 1353 3995 residuum
1397 3944 1481 3994 vcro
1515 3923 1609 3995 ditte
1642 3920 1780 3996 summe

445 4041 577 4114 dabitis
604 4032 770 4130 reliposo
794 4037 871 4107 viro
889 4037 990 4109 frutri
1015 4036 1174 4110 Johunni
1192 4030 1374 4106 Adumson
1393 4032 1605 4128 prouinciali
1629 4035 1778 4108 fratrum

444 4153 578 4223 ordinis
605 4147 871 4242 predicatorum
901 4159 939 4218 et
966 4142 1031 4244 ipsr
1060 4147 1176 4218 ordini
1210 4145 1254 4218 ud
1289 4143 1529 4218 ediscendum
1560 4157 1778 4218 conuentum

444 4262 529 4334 (11ἃὶ
546 4257 681 4333 ordinis
698 4257 792 4331 iuiro
803 4251 1075 4330 uniuersitatem
1084 4254 1193 4331 sontii
1210 4255 1360 4330 Andree
1372 4253 1526 4351 Ipseque
1543 4255 1630 4328 ordo
1646 4254 1780 4353 obligu-

442 4376 542 4447 bitur
566 4375 602 4444 in
628 4379 814 4472 conuentu
842 4363 1103 4465 Ediuburgensr
1131 4367 1189 4440 vbi
1214 4366 1299 4439 diui
1326 4369 1515 4441 reuerendi
1536 4368 1672 4440 domiui
1689 4367 1779 4464 epis·

442 4485 522 4580 copi
541 4482 674 4558 viscere
698 4481 851 4555 humato
875 4478 1104 4576 requiescunt
1120 4480 1167 4553 ed
1184 4501 1291 4552 unum
1313 4480 1533 4554 cotidianum
1550 4473 1686 4553 missum
1704 4479 1778 4554 tine

440 4606 530 4670 noto
545 4605 585 4668 et
601 4615 713 4668 vnum
738 4601 954 4690 perpetuum
975 4589 1255 4668 uuniuersurium
1283 4613 1368 4665 curn
1385 4588 1486 4666 misso
1502 4587 1651 4668 solemni
1665 4592 1777 4668 indie
