4612 5964
467 2293 709 2366 confirmacio
727 2293 892 2388 Gregorij
909 2289 1207 2386 PopeXl.ii1per
1224 2291 1411 2384 priuilegio
1425 2289 1669 2385 episcoporum
1685 2293 1811 2364 Seocie

466 2408 511 2478 do
531 2404 758 2479 testamentis
776 2428 900 2478 eorum
919 2403 1115 2476 condendis
1133 2445 1141 2458 ·

464 2607 679 2726 Gregorius
704 2625 891 2721 episeopus
916 2623 1038 2696 seruus
1064 2622 1244 2696 seruorum
1274 2623 1341 2698 Dei
1370 2627 1632 2700 venerabilibus
1649 2627 1810 2720 patribus

463 2745 586 2818 Sequi
604 2740 755 2812 Andros
772 2749 811 2810 et
829 2734 1058 2833 Ginsguensrs
1084 2734 1231 2809 dioeeiis
1254 2761 1296 2809 oe
1320 2735 1612 2811 Abberdoneniis
1637 2737 1809 2833 episeopis

463 2857 615 2929 iiriutem
633 2864 673 2925 et
691 2847 921 2945 apostolieum
939 2849 1225 2920 beneditionem
1244 2888 1253 2905 ·
1272 2845 1371 2922 iustis
1398 2851 1599 2944 petentium
1627 2847 1809 2942 deiiderijs

462 2968 617 3040 libenter
634 2965 828 3036 annuimus
845 2985 959 3054 euque
974 2963 1094 3032 funere
1109 2961 1353 3055 prosequimur
1365 2974 1564 3056 oportuno·
1579 2960 1676 3034 Snne
1693 2984 1809 3056 nuper

459 3078 653 3174 quemdum
668 3069 928 3147 eonceffionenr
947 3095 1011 3166 per
1024 3071 1118 3143 eiuro
1136 3073 1307 3143 memorie
1326 3071 1445 3144 Dauid
1457 3097 1577 3168 regem
1590 3073 1717 3146 Scocie
1732 3075 1809 3143 vni·

459 3186 570 3264 uersis
583 3185 869 3282 epii'copisregni
882 3180 1067 3254 suiSrocie
1079 3185 1207 3254 feriam
1220 3183 1433 3255 austeritate
1446 3181 1638 3278 npostoiicn
1650 3209 1695 3257 ex
1707 3197 1806 3256 certo

459 3303 612 3376 sciencia
636 3322 702 3394 per
728 3292 864 3368 nostres
888 3295 1009 3368 literas
1036 3296 1204 3366 duximus
1230 3294 1509 3368 confirmandam
1537 3320 1689 3392 quorum
1707 3297 1805 3368 litte·

456 3437 575 3488 mrum
596 3423 702 3484 tenor
719 3407 880 3502 sequitur
897 3409 933 3478 in
952 3407 1018 3477 hee
1038 3408 1144 3478 rerba
1158 3449 1165 3464 ·
1179 3407 1374 3502 Gregorius
1392 3406 1576 3503 episeopus
1594 3406 1717 3480 seruus
1735 3406 1804 3479 ser·

456 3547 583 3597 norum
605 3521 675 3594 Dei
701 3521 747 3592 od
773 3530 984 3614 perpetuum
1012 3520 1061 3590 roi
1088 3521 1295 3591 memorium
1321 3521 1389 3591 hiis
1407 3543 1557 3615 perque
1574 3515 1801 3594 eeeieiinrum

454 3651 492 3710 et
524 3634 753 3731 personmum
783 3625 1098 3703 oeeieiiustieorunr
1126 3645 1163 3702 et
1189 3630 1373 3726 presertim
1402 3633 1599 3725 pontificali
1625 3633 1801 3727 dignitate

454 3749 676 3845 prmiiterum
696 3742 845 3814 utilitati
864 3741 1060 3814 eoniiriitur
1077 3756 1114 3813 rt
1134 3741 1271 3815 illibate
1294 3739 1489 3815 consistent
1507 3743 1662 3817 libenter
1679 3745 1800 3818 adiici-

453 3885 533 3932 mus
551 3851 736 3952 apostolici
755 3855 964 3926 muniminis
981 3853 1188 3926 flmrimtem
1205 3891 1214 3910 ·
1233 3855 1330 3926 Sene
1347 3857 1477 3949 petitio
1495 3879 1559 3950 pro
1576 3869 1678 3952 parte
1692 3879 1799 3927 rene·

451 3971 617 4044 nubilium
637 3967 790 4038 fratrum
805 3960 1005 4036 nostrorum
1024 3965 1265 4038 rniuersorum
1285 3966 1530 4060 episcoporum
1550 3971 1649 4064 regni
1669 3969 1797 4040 Scocie

449 4083 552 4156 nobis
570 4101 688 4173 nuper
714 4076 879 4148 exhibite
904 4077 1113 4150 continebat
1139 4080 1233 4172 quod
1251 4078 1337 4151 oiim
1365 4077 1460 4152 clere
1487 4085 1658 4153 memorie
1677 4080 1795 4152 Dnrid

450 4219 513 4268 rex
542 4193 672 4266 Seoeie
701 4185 855 4262 uss'erens
871 4210 917 4259 ex
936 4186 1193 4262 consuetudine
1217 4191 1263 4262 ab
1288 4192 1447 4285 antiquis
1473 4195 1677 4266 introdustn
1702 4206 1796 4264 tern-

448 4307 595 4402 poribus
621 4313 661 4374 et
687 4301 797 4394 vique
823 4310 911 4372 tune
932 4303 1142 4375 continuate
1167 4325 1231 4398 per
1255 4326 1338 4374 eum
1365 4315 1404 4376 et
1430 4303 1688 4398 prodecessores
1714 4303 1793 4374 snos

449 4433 622 4512 tunquam
641 4437 706 4510 pro
723 4410 913 4508 priuilegio
929 4408 1070 4506 speciali
1089 4413 1267 4486 seruatum
1287 4413 1388 4488 fuisso
1405 4417 1499 4510 quod
1522 4419 1616 4491 bonu
1633 4439 1793 4512 quecun-

449 4553 519 4624 que
537 4527 687 4600 mobilis
712 4519 958 4620 episcoporum
989 4529 1088 4620 regni
1120 4527 1268 4622 preditti
1295 4539 1458 4624 tempore
1484 4533 1609 4602 mortis
1635 4527 1789 4626 ipsorum
