4564 5968
466 799 567 893 xva]
943 801 1352 878 Assannonnnsn.
1752 811 1823 882 197

516 999 611 1072 Item
629 1001 677 1096 by
690 1002 738 1072 all
756 1005 811 1094 pir
827 999 1004 1098 premiffis
1022 1029 1090 1077 aue
1108 1006 1182 1077 hail
1201 1006 1377 1098 compluit
1394 1000 1495 1073 stand
1513 1003 1553 1070 of
1568 1002 1652 1072 blak
1664 1001 1817 1074 damaill

465 1135 526 1205 pre
540 1109 650 1186 millia
668 1117 920 1189 donandorum
947 1119 1155 1190 contenand
1172 1141 1242 1189 aue
1259 1111 1443 1188 eheffabnl
1461 1115 1485 1206 ij
1505 1113 1720 1204 tuuykkillis
1734 1117 1812 1186 vith

462 1233 523 1312 par
548 1225 639 1299 albis
665 1231 892 1320 perennalis
921 1231 999 1302 vitlr
1035 1241 1099 1320 per
1124 1227 1224 1299 stolis
1252 1225 1422 1298 fannellis
1441 1225 1633 1320 according
1650 1226 1726 1295 vitb
1746 1248 1815 1296 ane

462 1337 543 1409 albe
564 1342 607 1410 ef
626 1351 672 1433 pc
698 1343 862 1416 collectis
880 1345 957 1413 vith
976 1348 1020 1432 be
1038 1339 1202 1412 selreittis
1236 1341 1279 1408 of
1300 1339 1385 1430 lyae
1412 1335 1533 1430 clayth
1560 1339 1614 1408 ser
1636 1348 1681 1426 pe
1699 1336 1815 1408 saera-

461 1461 562 1522 ment
580 1453 672 1528 hous
690 1456 760 1526 and
780 1454 828 1526 all
848 1463 892 1546 pc
909 1453 1072 1525 seheiuis
1092 1453 1134 1520 of
1154 1456 1198 1540 bc
1225 1452 1363 1543 eaippis
1389 1451 1436 1542 by
1450 1449 1498 1521 all
1517 1456 1561 1540 pc
1578 1446 1812 1520 distructioun

460 1565 556 1654 albe
573 1563 648 1638 said
667 1568 804 1662 eaippis
822 1587 959 1658 earyng
988 1564 1061 1633 and
1087 1560 1238 1654 halding
1257 1561 1299 1630 ol
1319 1567 1364 1650 be
1388 1560 1511 1654 l'amyn
1537 1563 1574 1631 in
1601 1560 1733 1652 benail
1752 1585 1815 1630 ex·

459 1677 612 1774 tending
624 1689 664 1750 te
684 1681 746 1773 vij⁸
764 1677 900 1750 markis
920 1676 998 1745 vitlr
1017 1683 1061 1764 pe
1081 1675 1173 1744 mair
1190 1675 1227 1742 in
1246 1670 1280 1743 al
1301 1673 1379 1743 vith
1397 1682 1441 1764 pe
1458 1669 1694 1742 distrudioun
1713 1675 1755 1742 al'
1771 1679 1813 1758 pe

367 1865 374 1889 .
457 1811 544 1882 geyr
560 1815 600 1864 as
618 1814 702 1884 may
721 1790 767 1862 be
786 1788 857 1860 veil
879 1787 1028 1857 deducit
1046 1787 1092 1856 be
1110 1808 1195 1856 men
1214 1787 1256 1855 of
1269 1785 1362 1856 eralt
1380 1786 1450 1855 and
1470 1783 1748 1879 onderstmuliug

507 2127 755 2198 Oannnanrn
775 2144 935 2194 acrama
954 2144 1050 2195 arua
1070 2142 1247 2196 maenus
1265 2123 1403 2194 Marna
1423 2143 1537 2194 rarae
1559 2145 1762 2194 accursran

707 2237 1004 2307 Carnaaaaaun
1024 2239 1338 2306 Anrauouarsau
1359 2255 1527 2307 rounam
1549 2275 1556 2290 ·

463 2440 651 2558 Imprimis
672 2463 742 2531 tria
756 2459 995 2531 lintheamina
1014 2457 1256 2531 honestaeum
1277 2462 1456 2532 velamine
1470 2485 1516 2532 ex
1531 2483 1664 2532 cannes
1682 2501 1689 2516 ·
1717 2461 1810 2531 ltem

456 2587 529 2646 tres
554 2571 694 2668 capelle
722 2595 805 2642 cum
824 2571 916 2642 albis
943 2567 1042 2641 stolis
1068 2571 1264 2664 manipulis
1282 2573 1383 2642 zonis
1401 2584 1439 2643 et
1458 2569 1604 2666 lingulis
1624 2596 1809 2664 paramen-

457 2690 504 2758 tis
519 2685 691 2757 videlicet
706 2707 776 2753 vna
790 2707 836 2754 ex
852 2678 950 2753 veste
964 2681 1135 2753 indolata
1153 2679 1321 2753 subrubei
1341 2682 1469 2754 eoloris
1486 2723 1494 2737 ·
1510 2683 1638 2753 Altera
1650 2684 1806 2753 eiusdem

462 2799 537 2870 tele
555 2796 628 2868 albi
649 2794 778 2866 coloris
804 2834 812 2849 ·
840 2794 963 2866 Tertia
990 2797 1082 2888 nigri
1102 2794 1232 2866 colaris
1250 2833 1258 2849 ·
1274 2793 1358 2864 Due
1377 2797 1594 2887 antependia
1613 2818 1694 2864 enm
1717 2797 1811 2866 l'ren·

458 2911 592 2981 talibus
611 2931 723 2978 vuum
743 2932 789 2980 ex
818 2903 904 2977 bille
923 2905 1048 2978 villosa
1066 2909 1158 3001 nigri
1186 2907 1316 2978 eoloris
1334 2909 1431 2977 dono
1451 2909 1629 2998 quendam
1651 2905 1809 3000 magistri

456 3022 657 3092 Alexandri
687 3020 813 3114 lavone
840 3022 998 3090 cantoris
1034 3016 1278 3091 Morauiensas
1313 3018 1467 3090 alterum
1505 3043 1549 3090 ex
1578 3017 1702 3112 latyae
1729 3021 1810 3089 brn-

458 3129 556 3224 geull
591 3135 686 3202 dono
723 3132 873 3226 capituli
903 3127 1174 3203 Aberdonenlis
1213 3171 1222 3187 ·
1255 3131 1381 3203 Vnum
1418 3134 1689 3203 tabernaculum
1723 3157 1805 3202 eum

455 3247 596 3316 «luobus
614 3245 839 3317 candelabris
865 3247 990 3315 enueis
1023 3285 1031 3300 ·
1066 3241 1210 3316 Mill'ale
1239 3247 1458 3338 paperieium
1488 3267 1568 3316 eum
1598 3247 1806 3316 ambonem

455 3358 595 3428 duobus
608 3356 854 3450 earpmalibus
873 3397 880 3412 ·

454 3694 703 3766 (mariannan
726 3715 886 3764 ananius
908 3713 1019 3762 naam
1037 3688 1262 3763 Munianus
1278 3715 1525 3765 aacnaxaanr
1543 3717 1615 3765 rna
1637 3715 1806 3766 annana-

501 3829 618 3878 arnnn
640 3827 763 3877 maun
793 3827 1021 3876 uacrsrarn
1051 3803 1332 3876 Ariexnnnaun
1354 3804 1567 3878 Gamerar
1598 3831 1802 3879 necaonem

501 3944 521 3990 a
543 3917 738 3992 Krunenn
758 3939 928 3990 eranam
949 3959 956 3974 ·

453 4123 645 4237 Imprimis
663 4156 736 4214 tres
754 4143 894 4236 capelle
912 4165 957 4212 ex
977 4143 1059 4236 pilis
1086 4142 1307 4213 camelorum
1327 4144 1423 4215 blaui
1443 4155 1480 4214 et
1508 4146 1597 4238 nigri
1617 4146 1745 4216 coloris
1764 4163 1802 4217 et

451 4260 558 4329 tertia
577 4281 621 4327 ex
642 4255 744 4349 l'atyn
763 4251 929 4350 brugcnll
948 4275 1032 4324 eum
1053 4251 1201 4348 singulis
1219 4278 1344 4324 earum
1372 4259 1590 4348 paramentis
1610 4255 1706 4327 stolis
1725 4281 1800 4329 ruri-

450 4369 583 4463 nipulis
600 4369 700 4438 zonis
727 4365 818 4437 albis
836 4380 874 4436 et
896 4367 1036 4438 amiclis
1055 4365 1215 4458 quinque
1243 4365 1541 4439 lintheaminibus
1559 4369 1698 4438 duabus
1724 4393 1801 4439 ear·

450 4480 631 4576 peralibus
649 4501 730 4550 euru
751 4475 900 4549 custode
926 4475 1077 4549 lmnesto
1095 4476 1256 4571 palmato
1283 4501 1365 4549 eum
1384 4475 1508 4550 millali
1527 4503 1572 4550 ex
1592 4485 1799 4572 purgamina

447 4592 581 4687 scriptu
599 4614 683 4662 eum
702 4592 862 4682 quinque
880 4590 1106 4662 candelabris
1118 4613 1238 4660 eoram
1252 4590 1358 4663 altari
1378 4593 1502 4662 anneis
1515 4601 1552 4662 et
1567 4591 1706 4662 duabus
1717 4619 1801 4664 eau-

447 4705 602 4777 delabris
629 4698 787 4774 honestis
805 4700 910 4795 super
935 4701 1050 4774 altare
1074 4702 1146 4772 due
1174 4702 1343 4775 frontalia
1370 4714 1525 4796 quatuor
1550 4702 1799 4796 peristromata
