<?xml version="1.0" encoding="UTF-8"?>
<!DOCTYPE html PUBLIC "-//W3C//DTD XHTML 1.0 Transitional//EN"
    "http://www.w3.org/TR/xhtml1/DTD/xhtml1-transitional.dtd">
<html xmlns="http://www.w3.org/1999/xhtml" xml:lang="en" lang="en">
 <head>
  <title>
</title>
<meta http-equiv="Content-Type" content="text/html;charset=utf-8" />
  <meta name='ocr-system' content='tesseract 3.04.00' />
  <meta name='ocr-capabilities' content='ocr_page ocr_carea ocr_par ocr_line ocrx_word'/>
</head>
<body>
  <div class='ocr_page' id='page_1' title='image "./registrumepisco00innegoog_0096.png"; bbox 0 0 4612 5964; ppageno 0'>
   <div class='ocr_carea' id='block_1_1' title="bbox 521 738 1874 833">
    <p class='ocr_par' dir='ltr' id='par_1_1' title="bbox 521 738 1874 833">
     <span class='ocr_line' id='line_1_1' title="bbox 521 738 1874 833; baseline 0.01 -25"><span class='ocrx_word' id='word_1_1' title='bbox 521 738 629 833; x_wconf 78' lang='lat' dir='ltr'><strong>xiii]</strong></span> <span class='ocrx_word' id='word_1_2' title='bbox 994 747 1405 824; x_wconf 85' lang='lat' dir='ltr'>ABERDONENSE.</span> <span class='ocrx_word' id='word_1_3' title='bbox 1831 760 1874 824; x_wconf 75' lang='lat' dir='ltr'><strong>ti</strong></span> 
     </span>
    </p>
   </div>
   <div class='ocr_carea' id='block_1_2' title="bbox 518 937 1877 1370">
    <p class='ocr_par' dir='ltr' id='par_1_2' title="bbox 518 937 1877 1370">
     <span class='ocr_line' id='line_1_2' title="bbox 521 937 1877 1042; baseline 0.01 -38"><span class='ocrx_word' id='word_1_4' title='bbox 521 937 704 1027; x_wconf 89' lang='lat' dir='ltr'><strong>prebenda</strong></span> <span class='ocrx_word' id='word_1_5' title='bbox 715 940 762 1010; x_wconf 89' lang='lat' dir='ltr'><strong>de</strong></span> <span class='ocrx_word' id='word_1_6' title='bbox 774 940 1137 1042; x_wconf 81' lang='lat' dir='ltr'><strong>Baneborydeueuyk</strong></span> <span class='ocrx_word' id='word_1_7' title='bbox 1150 987 1160 1003; x_wconf 86' lang='lat'><strong>·</strong></span> <span class='ocrx_word' id='word_1_8' title='bbox 1172 946 1328 1019; x_wconf 86' lang='lat' dir='ltr'><strong>Decimo</strong></span> <span class='ocrx_word' id='word_1_9' title='bbox 1341 945 1527 1039; x_wconf 87' lang='lat' dir='ltr'><strong>prebenda</strong></span> <span class='ocrx_word' id='word_1_10' title='bbox 1540 945 1585 1015; x_wconf 89' lang='lat' dir='ltr'><strong>de</strong></span> <span class='ocrx_word' id='word_1_11' title='bbox 1596 943 1714 1038; x_wconf 72' lang='lat' dir='ltr'><strong>Oupn</strong></span> <span class='ocrx_word' id='word_1_12' title='bbox 1726 985 1735 1002; x_wconf 89' lang='lat'><strong>·</strong></span> <span class='ocrx_word' id='word_1_13' title='bbox 1748 945 1877 1018; x_wconf 89' lang='lat' dir='ltr'><strong>Vnde-</strong></span> 
     </span>
     <span class='ocr_line' id='line_1_3' title="bbox 520 1050 1875 1148; baseline 0.008 -33"><span class='ocrx_word' id='word_1_14' title='bbox 520 1050 614 1118; x_wconf 86' lang='lat' dir='ltr'><strong>eimo</strong></span> <span class='ocrx_word' id='word_1_15' title='bbox 627 1051 810 1140; x_wconf 87' lang='lat' dir='ltr'><strong>prebenda</strong></span> <span class='ocrx_word' id='word_1_16' title='bbox 821 1055 1101 1130; x_wconf 82' lang='lat' dir='ltr'><strong>Archidiaroni·</strong></span> <span class='ocrx_word' id='word_1_17' title='bbox 1116 1058 1346 1128; x_wconf 86' lang='lat' dir='ltr'><strong>Duodeeinio</strong></span> <span class='ocrx_word' id='word_1_18' title='bbox 1359 1055 1545 1148; x_wconf 88' lang='lat' dir='ltr'><strong>prebenda</strong></span> <span class='ocrx_word' id='word_1_19' title='bbox 1559 1056 1604 1125; x_wconf 88' lang='lat' dir='ltr'><strong>de</strong></span> <span class='ocrx_word' id='word_1_20' title='bbox 1617 1055 1702 1126; x_wconf 85' lang='lat' dir='ltr'><strong>Clnt</strong></span> <span class='ocrx_word' id='word_1_21' title='bbox 1713 1093 1723 1112; x_wconf 89' lang='lat'><strong>·</strong></span> <span class='ocrx_word' id='word_1_22' title='bbox 1733 1053 1875 1128; x_wconf 84' lang='lat' dir='ltr'><strong>Tertio-</strong></span> 
     </span>
     <span class='ocr_line' id='line_1_4' title="bbox 519 1159 1873 1256; baseline 0.009 -28"><span class='ocrx_word' id='word_1_23' title='bbox 519 1159 659 1230; x_wconf 85' lang='lat' dir='ltr'><strong>decimo</strong></span> <span class='ocrx_word' id='word_1_24' title='bbox 685 1164 869 1256; x_wconf 86' lang='lat' dir='ltr'><strong>prebenda</strong></span> <span class='ocrx_word' id='word_1_25' title='bbox 885 1170 931 1242; x_wconf 89' lang='lat' dir='ltr'><strong>de</strong></span> <span class='ocrx_word' id='word_1_26' title='bbox 949 1169 1163 1240; x_wconf 84' lang='lat' dir='ltr'><strong>Murtlilaeh</strong></span> <span class='ocrx_word' id='word_1_27' title='bbox 1182 1207 1191 1224; x_wconf 89' lang='lat'><strong>·</strong></span> <span class='ocrx_word' id='word_1_28' title='bbox 1210 1189 1295 1238; x_wconf 85' lang='lat' dir='ltr'><strong>cum</strong></span> <span class='ocrx_word' id='word_1_29' title='bbox 1321 1166 1427 1236; x_wconf 79' lang='lat' dir='ltr'><strong>tortis</strong></span> <span class='ocrx_word' id='word_1_30' title='bbox 1444 1175 1483 1236; x_wconf 90' lang='lat' dir='ltr'><strong>et</strong></span> <span class='ocrx_word' id='word_1_31' title='bbox 1501 1167 1624 1238; x_wconf 79' lang='lat' dir='ltr'><strong>croilis</strong></span> <span class='ocrx_word' id='word_1_32' title='bbox 1648 1161 1739 1238; x_wconf 88' lang='lat' dir='ltr'><strong>siout</strong></span> <span class='ocrx_word' id='word_1_33' title='bbox 1758 1167 1873 1240; x_wconf 88' lang='lat' dir='ltr'><strong>indie</strong></span> 
     </span>
     <span class='ocr_line' id='line_1_5' title="bbox 518 1267 1501 1370; baseline 0.011 -34"><span class='ocrx_word' id='word_1_34' title='bbox 518 1267 691 1362; x_wconf 90' lang='lat' dir='ltr'><strong>presentis</strong></span> <span class='ocrx_word' id='word_1_35' title='bbox 707 1278 944 1351; x_wconf 83' lang='lat' dir='ltr'><strong>ordinationis</strong></span> <span class='ocrx_word' id='word_1_36' title='bbox 961 1280 1168 1351; x_wconf 88' lang='lat' dir='ltr'><strong>babuerunt</strong></span> <span class='ocrx_word' id='word_1_37' title='bbox 1185 1290 1224 1348; x_wconf 90' lang='lat' dir='ltr'><strong>et</strong></span> <span class='ocrx_word' id='word_1_38' title='bbox 1242 1273 1475 1370; x_wconf 87' lang='lat' dir='ltr'><strong>possederunt</strong></span> <span class='ocrx_word' id='word_1_39' title='bbox 1493 1314 1501 1330; x_wconf 95' lang='lat'><strong>·</strong></span> 
     </span>
    </p>
   </div>
   <div class='ocr_carea' id='block_1_3' title="bbox 888 1500 1498 1572">
    <p class='ocr_par' dir='ltr' id='par_1_3' title="bbox 888 1500 1498 1572">
     <span class='ocr_line' id='line_1_6' title="bbox 888 1500 1498 1572; baseline -0.003 -2"><span class='ocrx_word' id='word_1_40' title='bbox 888 1501 947 1572; x_wconf 90' lang='lat' dir='ltr'><strong>De</strong></span> <span class='ocrx_word' id='word_1_41' title='bbox 963 1503 1197 1570; x_wconf 87' lang='lat' dir='ltr'><strong>immunitate</strong></span> <span class='ocrx_word' id='word_1_42' title='bbox 1214 1500 1471 1569; x_wconf 81' lang='lat' dir='ltr'><strong>canonicorniii</strong></span> <span class='ocrx_word' id='word_1_43' title='bbox 1490 1540 1498 1556; x_wconf 91' lang='lat'><strong>·</strong></span> 
     </span>
    </p>
   </div>
   <div class='ocr_carea' id='block_1_4' title="bbox 511 1715 1868 2151">
    <p class='ocr_par' dir='ltr' id='par_1_4' title="bbox 511 1715 1868 2151">
     <span class='ocr_line' id='line_1_7' title="bbox 515 1715 1868 1815; baseline 0.005 -27"><span class='ocrx_word' id='word_1_44' title='bbox 515 1718 731 1792; x_wconf 85' lang='lat' dir='ltr'><strong>Statuentes</strong></span> <span class='ocrx_word' id='word_1_45' title='bbox 744 1733 785 1793; x_wconf 87' lang='lat' dir='ltr'><strong>vt</strong></span> <span class='ocrx_word' id='word_1_46' title='bbox 798 1744 926 1794; x_wconf 89' lang='lat' dir='ltr'><strong>omnes</strong></span> <span class='ocrx_word' id='word_1_47' title='bbox 942 1723 1108 1794; x_wconf 81' lang='lat' dir='ltr'><strong>canonici</strong></span> <span class='ocrx_word' id='word_1_48' title='bbox 1126 1721 1310 1791; x_wconf 87' lang='lat' dir='ltr'><strong>immunes</strong></span> <span class='ocrx_word' id='word_1_49' title='bbox 1324 1715 1396 1791; x_wconf 87' lang='lat' dir='ltr'><strong>sint</strong></span> <span class='ocrx_word' id='word_1_50' title='bbox 1412 1722 1450 1792; x_wconf 90' lang='lat' dir='ltr'><strong>iii</strong></span> <span class='ocrx_word' id='word_1_51' title='bbox 1467 1731 1682 1814; x_wconf 90' lang='lat' dir='ltr'><strong>perpetuum</strong></span> <span class='ocrx_word' id='word_1_52' title='bbox 1697 1745 1720 1792; x_wconf 85' lang='lat' dir='ltr'><strong>a</strong></span> <span class='ocrx_word' id='word_1_53' title='bbox 1732 1719 1868 1815; x_wconf 85' lang='lat' dir='ltr'><strong>presia-</strong></span> 
     </span>
     <span class='ocr_line' id='line_1_8' title="bbox 513 1831 1867 1928; baseline 0.006 -28"><span class='ocrx_word' id='word_1_54' title='bbox 513 1833 613 1904; x_wconf 89' lang='lat' dir='ltr'><strong>tione</strong></span> <span class='ocrx_word' id='word_1_55' title='bbox 638 1834 861 1906; x_wconf 85' lang='lat' dir='ltr'><strong>decimarum</strong></span> <span class='ocrx_word' id='word_1_56' title='bbox 879 1845 1042 1904; x_wconf 89' lang='lat' dir='ltr'><strong>ortorum</strong></span> <span class='ocrx_word' id='word_1_57' title='bbox 1061 1831 1303 1928; x_wconf 61' lang='lat' dir='ltr'><strong>rirffirltorum</strong></span> <span class='ocrx_word' id='word_1_58' title='bbox 1320 1842 1360 1903; x_wconf 87' lang='lat' dir='ltr'><strong>et</strong></span> <span class='ocrx_word' id='word_1_59' title='bbox 1377 1833 1573 1904; x_wconf 83' lang='lat' dir='ltr'><strong>crostornnr</strong></span> <span class='ocrx_word' id='word_1_60' title='bbox 1593 1833 1629 1902; x_wconf 95' lang='lat' dir='ltr'><strong>iii</strong></span> <span class='ocrx_word' id='word_1_61' title='bbox 1648 1833 1801 1906; x_wconf 84' lang='lat' dir='ltr'><strong>ciuitate</strong></span> <span class='ocrx_word' id='word_1_62' title='bbox 1819 1836 1867 1908; x_wconf 88' lang='lat' dir='ltr'><strong>de</strong></span> 
     </span>
     <span class='ocr_line' id='line_1_9' title="bbox 513 1939 1865 2038; baseline 0.003 -26"><span class='ocrx_word' id='word_1_63' title='bbox 513 1943 686 2017; x_wconf 84' lang='lat' dir='ltr'><strong>Abeidon</strong></span> <span class='ocrx_word' id='word_1_64' title='bbox 700 1983 709 2001; x_wconf 93' lang='lat'><strong>·</strong></span> <span class='ocrx_word' id='word_1_65' title='bbox 722 1945 876 2016; x_wconf 87' lang='lat' dir='ltr'><strong>firmiter</strong></span> <span class='ocrx_word' id='word_1_66' title='bbox 891 1946 1099 2016; x_wconf 80' lang='lat' dir='ltr'><strong>inhibentes</strong></span> <span class='ocrx_word' id='word_1_67' title='bbox 1116 1967 1164 2015; x_wconf 89' lang='lat' dir='ltr'><strong>ne</strong></span> <span class='ocrx_word' id='word_1_68' title='bbox 1182 1945 1219 2015; x_wconf 91' lang='lat' dir='ltr'><strong>in</strong></span> <span class='ocrx_word' id='word_1_69' title='bbox 1238 1939 1420 2038; x_wconf 76' lang='lat' dir='ltr'><strong>posterum</strong></span> <span class='ocrx_word' id='word_1_70' title='bbox 1439 1941 1641 2015; x_wconf 89' lang='lat' dir='ltr'><strong>huiusmodi</strong></span> <span class='ocrx_word' id='word_1_71' title='bbox 1660 1943 1802 2017; x_wconf 88' lang='lat' dir='ltr'><strong>decime</strong></span> <span class='ocrx_word' id='word_1_72' title='bbox 1818 1947 1865 2018; x_wconf 85' lang='lat' dir='ltr'><strong>ali</strong></span> 
     </span>
     <span class='ocr_line' id='line_1_10' title="bbox 511 2054 1072 2151; baseline 0.004 -26"><span class='ocrx_word' id='word_1_73' title='bbox 511 2054 631 2147; x_wconf 89' lang='lat' dir='ltr'><strong>aliquo</strong></span> <span class='ocrx_word' id='word_1_74' title='bbox 648 2057 695 2128; x_wconf 92' lang='lat' dir='ltr'><strong>de</strong></span> <span class='ocrx_word' id='word_1_75' title='bbox 711 2067 835 2128; x_wconf 87' lang='lat' dir='ltr'><strong>cetero</strong></span> <span class='ocrx_word' id='word_1_76' title='bbox 852 2058 1072 2151; x_wconf 84' lang='lat' dir='ltr'><strong>exigantur·</strong></span> 
     </span>
    </p>
   </div>
   <div class='ocr_carea' id='block_1_5' title="bbox 651 2275 1721 2373">
    <p class='ocr_par' dir='ltr' id='par_1_5' title="bbox 651 2275 1721 2373">
     <span class='ocr_line' id='line_1_11' title="bbox 651 2275 1721 2373; baseline 0.002 -25"><span class='ocrx_word' id='word_1_77' title='bbox 651 2279 709 2350; x_wconf 88' lang='lat' dir='ltr'><strong>De</strong></span> <span class='ocrx_word' id='word_1_78' title='bbox 726 2275 955 2372; x_wconf 76' lang='lat' dir='ltr'><strong>dispositione</strong></span> <span class='ocrx_word' id='word_1_79' title='bbox 973 2280 1237 2373; x_wconf 82' lang='lat' dir='ltr'><strong>prebendarum</strong></span> <span class='ocrx_word' id='word_1_80' title='bbox 1256 2289 1295 2350; x_wconf 89' lang='lat' dir='ltr'><strong>et</strong></span> <span class='ocrx_word' id='word_1_81' title='bbox 1313 2279 1359 2348; x_wconf 90' lang='lat' dir='ltr'><strong>de</strong></span> <span class='ocrx_word' id='word_1_82' title='bbox 1377 2277 1555 2350; x_wconf 60' lang='lat' dir='ltr'><strong>electione</strong></span> <span class='ocrx_word' id='word_1_83' title='bbox 1572 2279 1721 2352; x_wconf 82' lang='lat' dir='ltr'><strong>decani·</strong></span> 
     </span>
    </p>
   </div>
   <div class='ocr_carea' id='block_1_6' title="bbox 502 2499 2091 3818">
    <p class='ocr_par' dir='ltr' id='par_1_6' title="bbox 502 2499 2091 3818">
     <span class='ocr_line' id='line_1_12' title="bbox 509 2499 1857 2593; baseline 0.007 -26"><span class='ocrx_word' id='word_1_84' title='bbox 509 2500 569 2569; x_wconf 82' lang='lat' dir='ltr'><strong>ild</strong></span> <span class='ocrx_word' id='word_1_85' title='bbox 596 2502 663 2572; x_wconf 86' lang='lat' dir='ltr'><strong>hee</strong></span> <span class='ocrx_word' id='word_1_86' title='bbox 685 2511 810 2572; x_wconf 86' lang='lat' dir='ltr'><strong>autern</strong></span> <span class='ocrx_word' id='word_1_87' title='bbox 836 2503 1035 2573; x_wconf 89' lang='lat' dir='ltr'><strong>ordinando</strong></span> <span class='ocrx_word' id='word_1_88' title='bbox 1061 2499 1255 2573; x_wconf 88' lang='lat' dir='ltr'><strong>statuimus</strong></span> <span class='ocrx_word' id='word_1_89' title='bbox 1271 2501 1369 2593; x_wconf 88' lang='lat' dir='ltr'><strong>qnod</strong></span> <span class='ocrx_word' id='word_1_90' title='bbox 1393 2503 1431 2571; x_wconf 92' lang='lat' dir='ltr'><strong>in</strong></span> <span class='ocrx_word' id='word_1_91' title='bbox 1452 2499 1603 2572; x_wconf 84' lang='lat' dir='ltr'><strong>eeclesia</strong></span> <span class='ocrx_word' id='word_1_92' title='bbox 1620 2502 1666 2573; x_wconf 87' lang='lat' dir='ltr'><strong>de</strong></span> <span class='ocrx_word' id='word_1_93' title='bbox 1683 2501 1857 2576; x_wconf 81' lang='lat' dir='ltr'><strong>Aberdoii</strong></span> 
     </span>
     <span class='ocr_line' id='line_1_13' title="bbox 507 2609 1859 2706; baseline 0.004 -26"><span class='ocrx_word' id='word_1_94' title='bbox 507 2611 661 2702; x_wconf 85' lang='lat' dir='ltr'><strong>quilibet</strong></span> <span class='ocrx_word' id='word_1_95' title='bbox 690 2609 877 2705; x_wconf 88' lang='lat' dir='ltr'><strong>episcopus</strong></span> <span class='ocrx_word' id='word_1_96' title='bbox 910 2635 1037 2683; x_wconf 88' lang='lat' dir='ltr'><strong>omnes</strong></span> <span class='ocrx_word' id='word_1_97' title='bbox 1065 2609 1277 2706; x_wconf 71' lang='lat' dir='ltr'><strong>personatus</strong></span> <span class='ocrx_word' id='word_1_98' title='bbox 1306 2609 1620 2683; x_wconf 76' lang='lat' dir='ltr'><strong>archidiaconatus</strong></span> <span class='ocrx_word' id='word_1_99' title='bbox 1649 2621 1689 2682; x_wconf 89' lang='lat' dir='ltr'><strong>et</strong></span> <span class='ocrx_word' id='word_1_100' title='bbox 1717 2624 1859 2686; x_wconf 84' lang='lat' dir='ltr'><strong>ceteras</strong></span> 
     </span>
     <span class='ocr_line' id='line_1_14' title="bbox 508 2718 1858 2813; baseline 0.006 -25"><span class='ocrx_word' id='word_1_101' title='bbox 508 2721 706 2813; x_wconf 83' lang='lat' dir='ltr'><strong>prebendas</strong></span> <span class='ocrx_word' id='word_1_102' title='bbox 733 2744 817 2792; x_wconf 88' lang='lat' dir='ltr'><strong>cuni</strong></span> <span class='ocrx_word' id='word_1_103' title='bbox 846 2723 1054 2793; x_wconf 80' lang='lat' dir='ltr'><strong>raeaueririt</strong></span> <span class='ocrx_word' id='word_1_104' title='bbox 1085 2721 1199 2792; x_wconf 88' lang='lat' dir='ltr'><strong>libere</strong></span> <span class='ocrx_word' id='word_1_105' title='bbox 1225 2718 1360 2812; x_wconf 85' lang='lat' dir='ltr'><strong>absque</strong></span> <span class='ocrx_word' id='word_1_106' title='bbox 1390 2719 1542 2792; x_wconf 85' lang='lat' dir='ltr'><strong>alieuius</strong></span> <span class='ocrx_word' id='word_1_107' title='bbox 1569 2721 1858 2796; x_wconf 73' lang='lat' dir='ltr'><strong>rontmdidlione</strong></span> 
     </span>
     <span class='ocr_line' id='line_1_15' title="bbox 505 2829 1857 2926; baseline 0.004 -24"><span class='ocrx_word' id='word_1_108' title='bbox 505 2829 664 2924; x_wconf 81' lang='lat' dir='ltr'><strong>personis</strong></span> <span class='ocrx_word' id='word_1_109' title='bbox 688 2831 839 2924; x_wconf 84' lang='lat' dir='ltr'><strong>ydoneis</strong></span> <span class='ocrx_word' id='word_1_110' title='bbox 861 2835 1053 2904; x_wconf 85' lang='lat' dir='ltr'><strong>caritatine</strong></span> <span class='ocrx_word' id='word_1_111' title='bbox 1076 2832 1197 2905; x_wconf 76' lang='lat' dir='ltr'><strong>valeat</strong></span> <span class='ocrx_word' id='word_1_112' title='bbox 1220 2831 1385 2903; x_wconf 81' lang='lat' dir='ltr'><strong>conferre</strong></span> <span class='ocrx_word' id='word_1_113' title='bbox 1409 2846 1565 2926; x_wconf 86' lang='lat' dir='ltr'><strong>excepto</strong></span> <span class='ocrx_word' id='word_1_114' title='bbox 1585 2829 1659 2904; x_wconf 92' lang='lat' dir='ltr'><strong>solo</strong></span> <span class='ocrx_word' id='word_1_115' title='bbox 1677 2834 1857 2908; x_wconf 85' lang='lat' dir='ltr'><strong>decanatu</strong></span> 
     </span>
     <span class='ocr_line' id='line_1_16' title="bbox 504 2941 1859 3038; baseline 0.006 -26"><span class='ocrx_word' id='word_1_116' title='bbox 504 2943 548 3012; x_wconf 85' lang='lat' dir='ltr'><strong>ml</strong></span> <span class='ocrx_word' id='word_1_117' title='bbox 575 2965 682 3035; x_wconf 90' lang='lat' dir='ltr'><strong>qiiem</strong></span> <span class='ocrx_word' id='word_1_118' title='bbox 711 2963 794 3013; x_wconf 86' lang='lat' dir='ltr'><strong>runi</strong></span> <span class='ocrx_word' id='word_1_119' title='bbox 814 2946 994 3016; x_wconf 81' lang='lat' dir='ltr'><strong>uaranerit</strong></span> <span class='ocrx_word' id='word_1_120' title='bbox 1022 2945 1185 3015; x_wconf 83' lang='lat' dir='ltr'><strong>canonici</strong></span> <span class='ocrx_word' id='word_1_121' title='bbox 1212 2965 1339 3016; x_wconf 87' lang='lat' dir='ltr'><strong>omnes</strong></span> <span class='ocrx_word' id='word_1_122' title='bbox 1357 2941 1416 3014; x_wconf 87' lang='lat' dir='ltr'><strong>vel</strong></span> <span class='ocrx_word' id='word_1_123' title='bbox 1442 2945 1557 3014; x_wconf 88' lang='lat' dir='ltr'><strong>maior</strong></span> <span class='ocrx_word' id='word_1_124' title='bbox 1582 2965 1662 3038; x_wconf 86' lang='lat' dir='ltr'><strong>pars</strong></span> <span class='ocrx_word' id='word_1_125' title='bbox 1680 2953 1719 3017; x_wconf 88' lang='lat' dir='ltr'><strong>et</strong></span> <span class='ocrx_word' id='word_1_126' title='bbox 1741 2943 1859 3020; x_wconf 89' lang='lat' dir='ltr'><strong>sanior</strong></span> 
     </span>
     <span class='ocr_line' id='line_1_17' title="bbox 505 3051 2091 3150; baseline 0.009 -28"><span class='ocrx_word' id='word_1_127' title='bbox 505 3058 619 3126; x_wconf 77' lang='lat' dir='ltr'><strong>virum</strong></span> <span class='ocrx_word' id='word_1_128' title='bbox 646 3056 828 3148; x_wconf 76' lang='lat' dir='ltr'><strong>ydoneum</strong></span> <span class='ocrx_word' id='word_1_129' title='bbox 854 3059 1026 3128; x_wconf 86' lang='lat' dir='ltr'><strong>canonice</strong></span> <span class='ocrx_word' id='word_1_130' title='bbox 1047 3055 1187 3150; x_wconf 84' lang='lat' dir='ltr'><strong>eligant</strong></span> <span class='ocrx_word' id='word_1_131' title='bbox 1206 3054 1262 3127; x_wconf 83' lang='lat' dir='ltr'><strong>rel</strong></span> <span class='ocrx_word' id='word_1_132' title='bbox 1288 3051 1476 3150; x_wconf 79' lang='lat' dir='ltr'><strong>postulent</strong></span> <span class='ocrx_word' id='word_1_133' title='bbox 1493 3091 1501 3110; x_wconf 93' lang='lat'><strong>·</strong></span> <span class='ocrx_word' id='word_1_134' title='bbox 1520 3057 1621 3128; x_wconf 84' lang='lat' dir='ltr'><strong>euius</strong></span> <span class='ocrx_word' id='word_1_135' title='bbox 1646 3055 1776 3129; x_wconf 75' lang='lat' dir='ltr'><strong>elettio</strong></span> <span class='ocrx_word' id='word_1_136' title='bbox 1795 3057 1855 3131; x_wconf 91' lang='lat' dir='ltr'><strong>seii</strong></span> <span class='ocrx_word' id='word_1_137' title='bbox 1870 3077 2091 3136; x_wconf 74' lang='lat' dir='ltr'><strong>etrrtr&#39;atrnm</strong></span> 
     </span>
     <span class='ocr_line' id='line_1_18' title="bbox 504 3159 1855 3262; baseline 0.007 -28"><span class='ocrx_word' id='word_1_138' title='bbox 504 3166 699 3259; x_wconf 84' lang='lat' dir='ltr'><strong>postulacio</strong></span> <span class='ocrx_word' id='word_1_139' title='bbox 718 3165 743 3238; x_wconf 89' lang='lat' dir='ltr'><strong>si</strong></span> <span class='ocrx_word' id='word_1_140' title='bbox 762 3168 872 3240; x_wconf 82' lang='lat' dir='ltr'><strong>suerit</strong></span> <span class='ocrx_word' id='word_1_141' title='bbox 897 3171 1071 3240; x_wconf 86' lang='lat' dir='ltr'><strong>canoniea</strong></span> <span class='ocrx_word' id='word_1_142' title='bbox 1087 3179 1126 3238; x_wconf 92' lang='lat' dir='ltr'><strong>et</strong></span> <span class='ocrx_word' id='word_1_143' title='bbox 1145 3163 1297 3261; x_wconf 89' lang='lat' dir='ltr'><strong>persona</strong></span> <span class='ocrx_word' id='word_1_144' title='bbox 1318 3159 1429 3260; x_wconf 85' lang='lat' dir='ltr'><strong>ipsius</strong></span> <span class='ocrx_word' id='word_1_145' title='bbox 1455 3165 1559 3238; x_wconf 77' lang='lat' dir='ltr'><strong>elesii</strong></span> <span class='ocrx_word' id='word_1_146' title='bbox 1582 3167 1692 3240; x_wconf 86' lang='lat' dir='ltr'><strong>suerit</strong></span> <span class='ocrx_word' id='word_1_147' title='bbox 1714 3169 1855 3262; x_wconf 82' lang='lat' dir='ltr'><strong>ydoneo</strong></span> 
     </span>
     <span class='ocr_line' id='line_1_19' title="bbox 503 3273 1856 3374; baseline 0.005 -28"><span class='ocrx_word' id='word_1_148' title='bbox 503 3303 573 3370; x_wconf 84' lang='lat' dir='ltr'><strong>que</strong></span> <span class='ocrx_word' id='word_1_149' title='bbox 591 3289 693 3351; x_wconf 87' lang='lat' dir='ltr'><strong>tante</strong></span> <span class='ocrx_word' id='word_1_150' title='bbox 710 3293 887 3374; x_wconf 83' lang='lat' dir='ltr'><strong>congniat</strong></span> <span class='ocrx_word' id='word_1_151' title='bbox 904 3282 1072 3374; x_wconf 78' lang='lat' dir='ltr'><strong>dignitati</strong></span> <span class='ocrx_word' id='word_1_152' title='bbox 1091 3291 1131 3350; x_wconf 88' lang='lat' dir='ltr'><strong>et</strong></span> <span class='ocrx_word' id='word_1_153' title='bbox 1149 3279 1276 3350; x_wconf 89' lang='lat' dir='ltr'><strong>lionori</strong></span> <span class='ocrx_word' id='word_1_154' title='bbox 1294 3273 1525 3372; x_wconf 83' lang='lat' dir='ltr'><strong>abepiscopo</strong></span> <span class='ocrx_word' id='word_1_155' title='bbox 1543 3279 1777 3352; x_wconf 84' lang='lat' dir='ltr'><strong>confirmetur</strong></span> <span class='ocrx_word' id='word_1_156' title='bbox 1793 3281 1856 3352; x_wconf 91' lang='lat' dir='ltr'><strong>ad·</strong></span> 
     </span>
     <span class='ocr_line' id='line_1_20' title="bbox 502 3389 1856 3488; baseline 0.004 -29"><span class='ocrx_word' id='word_1_157' title='bbox 502 3393 671 3460; x_wconf 85' lang='lat' dir='ltr'><strong>mittetur</strong></span> <span class='ocrx_word' id='word_1_158' title='bbox 686 3401 725 3461; x_wconf 87' lang='lat' dir='ltr'><strong>et</strong></span> <span class='ocrx_word' id='word_1_159' title='bbox 744 3389 939 3485; x_wconf 87' lang='lat' dir='ltr'><strong>peripsum</strong></span> <span class='ocrx_word' id='word_1_160' title='bbox 957 3390 1013 3462; x_wconf 77' lang='lat' dir='ltr'><strong>vol</strong></span> <span class='ocrx_word' id='word_1_161' title='bbox 1032 3391 1191 3484; x_wconf 87' lang='lat' dir='ltr'><strong>aliquem</strong></span> <span class='ocrx_word' id='word_1_162' title='bbox 1213 3389 1430 3461; x_wconf 86' lang='lat' dir='ltr'><strong>canonicum</strong></span> <span class='ocrx_word' id='word_1_163' title='bbox 1448 3390 1495 3460; x_wconf 87' lang='lat' dir='ltr'><strong>de</strong></span> <span class='ocrx_word' id='word_1_164' title='bbox 1511 3390 1671 3484; x_wconf 86' lang='lat' dir='ltr'><strong>capitulo</strong></span> <span class='ocrx_word' id='word_1_165' title='bbox 1688 3392 1745 3462; x_wconf 88' lang='lat' dir='ltr'><strong>cui</strong></span> <span class='ocrx_word' id='word_1_166' title='bbox 1765 3393 1856 3488; x_wconf 90' lang='lat' dir='ltr'><strong>epis-</strong></span> 
     </span>
     <span class='ocr_line' id='line_1_21' title="bbox 502 3497 1854 3593; baseline 0.005 -23"><span class='ocrx_word' id='word_1_167' title='bbox 502 3522 612 3593; x_wconf 86' lang='lat' dir='ltr'><strong>eopus</strong></span> <span class='ocrx_word' id='word_1_168' title='bbox 635 3501 703 3573; x_wconf 89' lang='lat' dir='ltr'><strong>lioe</strong></span> <span class='ocrx_word' id='word_1_169' title='bbox 721 3503 924 3574; x_wconf 87' lang='lat' dir='ltr'><strong>decreuerit</strong></span> <span class='ocrx_word' id='word_1_170' title='bbox 949 3502 1243 3574; x_wconf 84' lang='lat' dir='ltr'><strong>‹leniundandnm</strong></span> <span class='ocrx_word' id='word_1_171' title='bbox 1268 3501 1305 3571; x_wconf 92' lang='lat' dir='ltr'><strong>in</strong></span> <span class='ocrx_word' id='word_1_172' title='bbox 1332 3499 1442 3571; x_wconf 88' lang='lat' dir='ltr'><strong>elioro</strong></span> <span class='ocrx_word' id='word_1_173' title='bbox 1468 3497 1672 3572; x_wconf 83' lang='lat' dir='ltr'><strong>installetur</strong></span> <span class='ocrx_word' id='word_1_174' title='bbox 1692 3514 1730 3574; x_wconf 91' lang='lat' dir='ltr'><strong>et</strong></span> <span class='ocrx_word' id='word_1_175' title='bbox 1753 3503 1854 3576; x_wconf 81' lang='lat' dir='ltr'><strong>locus</strong></span> 
     </span>
     <span class='ocr_line' id='line_1_22' title="bbox 502 3608 2067 3708; baseline 0.009 -28"><span class='ocrx_word' id='word_1_176' title='bbox 502 3613 537 3681; x_wconf 91' lang='lat' dir='ltr'><strong>iii</strong></span> <span class='ocrx_word' id='word_1_177' title='bbox 557 3612 717 3704; x_wconf 81' lang='lat' dir='ltr'><strong>capitulo</strong></span> <span class='ocrx_word' id='word_1_178' title='bbox 734 3609 930 3707; x_wconf 79' lang='lat' dir='ltr'><strong>assignetur</strong></span> <span class='ocrx_word' id='word_1_179' title='bbox 947 3609 1096 3708; x_wconf 84' lang='lat' dir='ltr'><strong>prestito</strong></span> <span class='ocrx_word' id='word_1_180' title='bbox 1121 3613 1220 3706; x_wconf 92' lang='lat' dir='ltr'><strong>prius</strong></span> <span class='ocrx_word' id='word_1_181' title='bbox 1237 3611 1284 3682; x_wconf 91' lang='lat' dir='ltr'><strong>ab</strong></span> <span class='ocrx_word' id='word_1_182' title='bbox 1301 3611 1430 3682; x_wconf 86' lang='lat' dir='ltr'><strong>eodeni</strong></span> <span class='ocrx_word' id='word_1_183' title='bbox 1449 3608 1622 3704; x_wconf 82' lang='lat' dir='ltr'><strong>solempni</strong></span> <span class='ocrx_word' id='word_1_184' title='bbox 1649 3613 1853 3687; x_wconf 90' lang='lat' dir='ltr'><strong>iuramento</strong></span> <span class='ocrx_word' id='word_1_185' title='bbox 1867 3633 2067 3696; x_wconf 69' lang='lat' dir='ltr'><strong>{uramentum</strong></span> 
     </span>
     <span class='ocr_line' id='line_1_23' title="bbox 502 3719 1853 3818; baseline 0.004 -24"><span class='ocrx_word' id='word_1_186' title='bbox 502 3723 686 3795; x_wconf 79' lang='lat' dir='ltr'><strong>fidelitatis</strong></span> <span class='ocrx_word' id='word_1_187' title='bbox 709 3726 756 3796; x_wconf 85' lang='lat' dir='ltr'><strong>ab</strong></span> <span class='ocrx_word' id='word_1_188' title='bbox 780 3723 854 3818; x_wconf 94' lang='lat' dir='ltr'><strong>ipso</strong></span> <span class='ocrx_word' id='word_1_189' title='bbox 872 3726 917 3797; x_wconf 86' lang='lat' dir='ltr'><strong>de</strong></span> <span class='ocrx_word' id='word_1_190' title='bbox 934 3723 1191 3797; x_wconf 82' lang='lat' dir='ltr'><strong>eons&#39;eruaiidis</strong></span> <span class='ocrx_word' id='word_1_191' title='bbox 1208 3739 1246 3794; x_wconf 87' lang='lat' dir='ltr'><strong>et</strong></span> <span class='ocrx_word' id='word_1_192' title='bbox 1264 3723 1505 3794; x_wconf 79' lang='lat' dir='ltr'><strong>defendendis</strong></span> <span class='ocrx_word' id='word_1_193' title='bbox 1530 3719 1853 3799; x_wconf 81' lang='lat' dir='ltr'><strong>consuetudinibus</strong></span> 
     </span>
    </p>
   </div>
   <div class='ocr_carea' id='block_1_7' title="bbox 500 3832 1342 3930">
    <p class='ocr_par' dir='ltr' id='par_1_7' title="bbox 500 3832 1342 3930">
     <span class='ocr_line' id='line_1_24' title="bbox 500 3832 1342 3930; baseline 0.001 -25"><span class='ocrx_word' id='word_1_194' title='bbox 500 3836 636 3908; x_wconf 88' lang='lat' dir='ltr'><strong>iuribus</strong></span> <span class='ocrx_word' id='word_1_195' title='bbox 652 3848 691 3908; x_wconf 88' lang='lat' dir='ltr'><strong>et</strong></span> <span class='ocrx_word' id='word_1_196' title='bbox 709 3836 939 3908; x_wconf 86' lang='lat' dir='ltr'><strong>libertatibus</strong></span> <span class='ocrx_word' id='word_1_197' title='bbox 956 3832 1106 3909; x_wconf 86' lang='lat' dir='ltr'><strong>ecclesie</strong></span> <span class='ocrx_word' id='word_1_198' title='bbox 1124 3845 1317 3930; x_wconf 88' lang='lat' dir='ltr'><strong>prenotate</strong></span> <span class='ocrx_word' id='word_1_199' title='bbox 1334 3872 1342 3890; x_wconf 92' lang='lat'><strong>·</strong></span> 
     </span>
    </p>
   </div>
   <div class='ocr_carea' id='block_1_8' title="bbox 647 4057 1697 4153">
    <p class='ocr_par' dir='ltr' id='par_1_8' title="bbox 647 4057 1697 4153">
     <span class='ocr_line' id='line_1_25' title="bbox 647 4057 1697 4153; baseline 0.001 -24"><span class='ocrx_word' id='word_1_200' title='bbox 647 4057 704 4130; x_wconf 87' lang='lat' dir='ltr'><strong>De</strong></span> <span class='ocrx_word' id='word_1_201' title='bbox 721 4064 904 4133; x_wconf 78' lang='lat' dir='ltr'><strong>cononicis</strong></span> <span class='ocrx_word' id='word_1_202' title='bbox 924 4061 1147 4133; x_wconf 84' lang='lat' dir='ltr'><strong>intrantibus</strong></span> <span class='ocrx_word' id='word_1_203' title='bbox 1174 4058 1391 4153; x_wconf 86' lang='lat' dir='ltr'><strong>recipiendis</strong></span> <span class='ocrx_word' id='word_1_204' title='bbox 1409 4080 1475 4151; x_wconf 89' lang='lat' dir='ltr'><strong>per</strong></span> <span class='ocrx_word' id='word_1_205' title='bbox 1492 4059 1668 4130; x_wconf 83' lang='lat' dir='ltr'><strong>decanum</strong></span> <span class='ocrx_word' id='word_1_206' title='bbox 1689 4099 1697 4116; x_wconf 94' lang='lat'><strong>·</strong></span> 
     </span>
    </p>
   </div>
   <div class='ocr_carea' id='block_1_9' title="bbox 496 4279 1847 4802">
    <p class='ocr_par' dir='ltr' id='par_1_9' title="bbox 497 4279 1847 4379">
     <span class='ocr_line' id='line_1_26' title="bbox 497 4279 1847 4379; baseline 0.001 -25"><span class='ocrx_word' id='word_1_207' title='bbox 497 4282 617 4354; x_wconf 85' lang='lat' dir='ltr'><strong>Ceteri</strong></span> <span class='ocrx_word' id='word_1_208' title='bbox 643 4303 729 4354; x_wconf 81' lang='lat' dir='ltr'><strong>vero</strong></span> <span class='ocrx_word' id='word_1_209' title='bbox 755 4287 917 4356; x_wconf 81' lang='lat' dir='ltr'><strong>canonici</strong></span> <span class='ocrx_word' id='word_1_210' title='bbox 949 4282 1160 4379; x_wconf 89' lang='lat' dir='ltr'><strong>personatus</strong></span> <span class='ocrx_word' id='word_1_211' title='bbox 1190 4281 1368 4354; x_wconf 87' lang='lat' dir='ltr'><strong>liabentes</strong></span> <span class='ocrx_word' id='word_1_212' title='bbox 1398 4291 1437 4352; x_wconf 87' lang='lat' dir='ltr'><strong>st</strong></span> <span class='ocrx_word' id='word_1_213' title='bbox 1468 4279 1668 4374; x_wconf 86' lang='lat' dir='ltr'><strong>prebendas</strong></span> <span class='ocrx_word' id='word_1_214' title='bbox 1696 4295 1847 4376; x_wconf 85' lang='lat' dir='ltr'><strong>optentu</strong></span> 
     </span>
    </p>

    <p class='ocr_par' dir='ltr' id='par_1_10' title="bbox 496 4387 1845 4491">
     <span class='ocr_line' id='line_1_27' title="bbox 496 4387 1845 4491; baseline 0.003 -27"><span class='ocrx_word' id='word_1_215' title='bbox 496 4387 720 4467; x_wconf 76' lang='lat' dir='ltr'><strong>concessione</strong></span> <span class='ocrx_word' id='word_1_216' title='bbox 735 4392 889 4490; x_wconf 83' lang='lat' dir='ltr'><strong>episcopi</strong></span> <span class='ocrx_word' id='word_1_217' title='bbox 911 4420 976 4489; x_wconf 88' lang='lat' dir='ltr'><strong>per</strong></span> <span class='ocrx_word' id='word_1_218' title='bbox 993 4393 1107 4491; x_wconf 88' lang='lat' dir='ltr'><strong>ipsum</strong></span> <span class='ocrx_word' id='word_1_219' title='bbox 1125 4394 1304 4466; x_wconf 85' lang='lat' dir='ltr'><strong>decanum</strong></span> <span class='ocrx_word' id='word_1_220' title='bbox 1322 4390 1368 4463; x_wconf 83' lang='lat' dir='ltr'><strong>ad</strong></span> <span class='ocrx_word' id='word_1_221' title='bbox 1387 4391 1600 4464; x_wconf 86' lang='lat' dir='ltr'><strong>mandatum</strong></span> <span class='ocrx_word' id='word_1_222' title='bbox 1626 4389 1781 4486; x_wconf 87' lang='lat' dir='ltr'><strong>episcopi</strong></span> <span class='ocrx_word' id='word_1_223' title='bbox 1810 4397 1845 4468; x_wconf 93' lang='lat' dir='ltr'><strong>in</strong></span> 
     </span>
    </p>

    <p class='ocr_par' dir='ltr' id='par_1_11' title="bbox 496 4498 1845 4600">
     <span class='ocr_line' id='line_1_28' title="bbox 496 4498 1845 4600; baseline 0.004 -25"><span class='ocrx_word' id='word_1_224' title='bbox 496 4505 604 4577; x_wconf 78' lang='lat' dir='ltr'><strong>elioro</strong></span> <span class='ocrx_word' id='word_1_225' title='bbox 629 4501 859 4578; x_wconf 85' lang='lat' dir='ltr'><strong>sustollentur</strong></span> <span class='ocrx_word' id='word_1_226' title='bbox 875 4520 914 4580; x_wconf 91' lang='lat' dir='ltr'><strong>et</strong></span> <span class='ocrx_word' id='word_1_227' title='bbox 932 4509 1033 4581; x_wconf 89' lang='lat' dir='ltr'><strong>loeus</strong></span> <span class='ocrx_word' id='word_1_228' title='bbox 1051 4509 1087 4578; x_wconf 91' lang='lat' dir='ltr'><strong>iii</strong></span> <span class='ocrx_word' id='word_1_229' title='bbox 1105 4503 1267 4600; x_wconf 83' lang='lat' dir='ltr'><strong>capitulo</strong></span> <span class='ocrx_word' id='word_1_230' title='bbox 1292 4498 1492 4600; x_wconf 76' lang='lat' dir='ltr'><strong>assignetur</strong></span> <span class='ocrx_word' id='word_1_231' title='bbox 1516 4505 1615 4596; x_wconf 88' lang='lat' dir='ltr'><strong>prius</strong></span> <span class='ocrx_word' id='word_1_232' title='bbox 1631 4527 1715 4578; x_wconf 88' lang='lat' dir='ltr'><strong>euni</strong></span> <span class='ocrx_word' id='word_1_233' title='bbox 1738 4515 1845 4580; x_wconf 86' lang='lat' dir='ltr'><strong>textu</strong></span> 
     </span>
    </p>

    <p class='ocr_par' dir='ltr' id='par_1_12' title="bbox 496 4611 1846 4802">
     <span class='ocr_line' id='line_1_29' title="bbox 496 4611 1846 4714; baseline 0.003 -26"><span class='ocrx_word' id='word_1_234' title='bbox 496 4617 684 4713; x_wconf 81' lang='lat' dir='ltr'><strong>ewangelij</strong></span> <span class='ocrx_word' id='word_1_235' title='bbox 709 4621 891 4692; x_wconf 82' lang='lat' dir='ltr'><strong>canonicis</strong></span> <span class='ocrx_word' id='word_1_236' title='bbox 916 4616 1156 4714; x_wconf 85' lang='lat' dir='ltr'><strong>psallentibus</strong></span> <span class='ocrx_word' id='word_1_237' title='bbox 1182 4611 1361 4711; x_wconf 88' lang='lat' dir='ltr'><strong>psalmum</strong></span> <span class='ocrx_word' id='word_1_238' title='bbox 1381 4613 1486 4688; x_wconf 79' lang='lat' dir='ltr'><strong>neca</strong></span> <span class='ocrx_word' id='word_1_239' title='bbox 1504 4634 1613 4694; x_wconf 73' lang='lat' dir='ltr'><strong>nulii</strong></span> <span class='ocrx_word' id='word_1_240' title='bbox 1642 4635 1777 4690; x_wconf 77' lang='lat' dir='ltr'><strong>uouuir</strong></span> <span class='ocrx_word' id='word_1_241' title='bbox 1799 4639 1846 4693; x_wconf 81' lang='lat' dir='ltr'><strong>ui·</strong></span> 
     </span>
     <span class='ocr_line' id='line_1_30' title="bbox 546 4748 1177 4802; baseline 0.002 -4"><span class='ocrx_word' id='word_1_242' title='bbox 546 4750 627 4802; x_wconf 82' lang='lat' dir='ltr'><strong>roi.</strong></span> <span class='ocrx_word' id='word_1_243' title='bbox 647 4752 688 4802; x_wconf 93' lang='lat' dir='ltr'><strong>ii.</strong></span> <span class='ocrx_word' id='word_1_244' title='bbox 1155 4748 1177 4799; x_wconf 79' lang='lat' dir='ltr'><strong>r</strong></span> 
     </span>
    </p>
   </div>
   <div class='ocr_carea' id='block_1_10' title="bbox 0 0 2310 5964">
    <p class='ocr_par' dir='ltr' id='par_1_13' title="bbox 0 0 2310 5964">
     <span class='ocr_line' id='line_1_31' title="bbox 0 0 2310 5964; baseline 0 6"><span class='ocrx_word' id='word_1_245' title='bbox 0 0 2310 5964; x_wconf 95' lang='lat' dir='ltr'><strong> </strong></span> 
     </span>
    </p>
   </div>
  </div>
 </body>
</html>
