4612 5964
461 677 507 750 86
981 669 1289 744 REGISTRUM
1655 676 1808 771 [sucum

461 869 744 946 Abbirdonensrs
760 867 916 944 salutem
933 871 972 942 in
989 871 1153 942 omnium
1169 867 1347 941 saluatore
1361 909 1370 926 ·
1385 870 1479 954 Quia
1496 893 1623 944 omnes
1635 883 1675 944 et
1688 870 1809 968 sangu-

461 986 512 1058 las
525 985 736 1058 donationes
749 985 902 1056 uniones
919 982 1228 1076 incorpomtiones
1245 990 1284 1051 et
1302 981 1561 1054 annexationes
1578 981 1808 1056 ecclesiarum

460 1100 704 1170 communium
724 1097 895 1169 videlicet
921 1096 968 1167 ds
986 1089 1130 1167 Fordill
1148 1115 1232 1166 oum
1258 1091 1408 1186 capellis
1425 1093 1468 1164 de
1485 1091 1623 1165 Rathin
1642 1095 1689 1167 de
1706 1094 1809 1190 Logy

461 1213 498 1281 in
521 1209 708 1282 Bucbania
724 1210 770 1280 de
789 1207 891 1304 Logy
909 1209 948 1279 in
966 1205 1070 1280 Marr
1096 1207 1142 1277 de
1168 1203 1384 1298 Kyndromy
1402 1205 1447 1274 de
1463 1201 1621 1276 Cloueth
1647 1216 1686 1277 et
1711 1204 1809 1276 Tun·

461 1321 562 1392 naeth
572 1343 654 1392 cuna
667 1319 900 1413 pertinencijs
909 1318 956 1389 ad
970 1316 1130 1391 mensum
1142 1315 1380 1412 capitularem
1394 1315 1645 1388 canonicorum
1659 1312 1808 1388 ecclesie

462 1429 580 1502 nostre
604 1426 835 1502 residentium
857 1429 993 1500 ibidem
1012 1425 1093 1500 Deo
1111 1439 1150 1500 et
1173 1429 1280 1500 beate
1300 1427 1419 1499 Marie
1435 1450 1476 1498 ac
1493 1426 1661 1497 omnibus
1679 1423 1808 1497 sanstis

461 1541 692 1614 seruientium
707 1552 746 1612 et
763 1542 1033 1635 imperpetuum
1047 1538 1306 1613 seruiturorum
1320 1539 1430 1611 sasas
1441 1549 1479 1609 et
1492 1531 1671 1611 concessas
1687 1537 1808 1608 audio-

462 1655 570 1724 ritate
586 1649 779 1746 apostoliea
795 1661 834 1722 et
852 1651 964 1722 etiam
983 1671 1047 1742 per
1064 1651 1246 1744 quondam
1264 1651 1359 1722 bone
1375 1651 1546 1722 memorie
1562 1671 1666 1744 reges
1683 1646 1807 1719 Scotie

462 1767 612 1836 comites
629 1764 676 1834 de
693 1761 796 1834 Marr
812 1770 851 1831 et
869 1757 1130 1853 predecessores
1153 1758 1292 1833 nostros
1310 1761 1490 1856 episcopos
1507 1757 1656 1834 ecclesie
1672 1759 1807 1831 Abbir·

462 1870 626 1946 donenlls
643 1873 819 1966 prelibato
835 1872 880 1941 ad
900 1868 1048 1964 plenum
1068 1872 1286 1966 perlegimus
1303 1885 1342 1944 et
1359 1873 1577 1968 inspeximus
1592 1883 1806 1964 maturaque

461 1984 720 2056 deliberatione
750 1981 940 2074 prehabito
966 2003 1050 2052 curn
1078 1984 1163 2054 viris
1192 1985 1319 2075 peritis
1346 2007 1407 2056 eas
1434 2007 1558 2058 omnes
1584 1995 1623 2058 et
1649 1981 1805 2080 singulas

461 2095 671 2166 donationes
691 2094 839 2162 uniones
861 2093 1170 2183 incorporationes
1187 2104 1226 2164 et
1246 2099 1504 2168 annexationes
1529 2094 1803 2190 prescriptamm

460 2200 685 2278 eeclesiarum
713 2203 961 2274 enrrrmuuium
985 2204 1148 2273 omnium
1167 2213 1205 2273 et
1225 2199 1442 2299 lingularum
1464 2229 1546 2278 cum
1573 2207 1806 2300 pertinencijs

462 2321 496 2388 ia
515 2315 680 2386 oraraibus
694 2312 763 2385 saris
782 2314 924 2406 pansis
938 2323 976 2384 et
990 2314 1152 2385 articulis
1165 2315 1259 2385 (litte
1278 2312 1401 2386 mense
1414 2315 1600 2408 capitulari
1618 2340 1683 2411 pro
1701 2318 1805 2389 nobis

461 2440 498 2500 et
520 2422 767 2498 successoribus
793 2422 923 2495 nostris
949 2425 1165 2498 auctoritate
1191 2422 1312 2497 nostra
1337 2427 1513 2499 ordinaria
1538 2429 1803 2522 imperpetuum

460 2539 676 2612 ratificamus
692 2537 933 2630 approbamus
950 2545 989 2608 et
1006 2536 1262 2610 confirmamus
1280 2539 1384 2610 iuxta
1397 2549 1435 2610 et
1446 2536 1640 2611 seeundum
1660 2549 1805 2612 tenores

459 2651 673 2724 earundem·
688 2650 945 2743 promittentes
962 2670 1027 2741 pro
1044 2649 1149 2720 nobis
1167 2661 1207 2720 et
1224 2646 1476 2722 suecell'oribus
1493 2648 1621 2723 nostris
1639 2652 1675 2722 in
1694 2651 1803 2723 verbo
1909 2739 1915 2752 ἱ

457 2761 653 2856 pontificali
664 2760 1170 2833 contradonationeavniones
1180 2763 1482 2856 incorporationes
1493 2774 1531 2835 et
1541 2765 1804 2836 anuexationes

459 2874 786 2968 prenominatorum
818 2867 1050 2944 ecclesiarum
1081 2894 1288 2964 nuncquam
1320 2875 1568 2946 eontraueaire
1594 2887 1659 2946 aut
1686 2875 1803 2946 lacero

459 2982 602 3078 publice
620 2983 675 3054 rel
702 2982 846 3053 occulte
864 2983 1000 3054 diredc
1019 2982 1075 3054 vel
1103 2985 1277 3055 indireile
1294 2985 1423 3075 quouis
1437 2980 1575 3076 quelito
1593 2984 1713 3058 eolore
1737 2999 1802 3058 aut

458 3095 602 3190 ingenio
615 3091 672 3164 seu
689 3117 750 3164 eos
764 3092 820 3164 rel
840 3115 966 3164 eorum
980 3090 1193 3166 successores
1207 3093 1360 3189 desuper
1373 3118 1502 3168 rexere
1518 3106 1583 3169 aut
1601 3097 1803 3191 inquietare

457 3204 515 3276 sed
542 3229 601 3277 eus
628 3218 732 3296 prout
750 3203 794 3275 ad
814 3227 880 3274 nos
897 3225 943 3274 ex
962 3204 1079 3275 officio
1101 3201 1222 3276 nostro
1250 3203 1415 3298 pallarrali
1435 3203 1591 3300 spedare
1607 3205 1804 3280 dinoscitur

457 3320 492 3388 ia
511 3317 677 3386 omnibus
695 3315 765 3388 liris
783 3316 925 3410 punffis
943 3326 982 3387 et
999 3317 1162 3388 articulis
1181 3317 1296 3388 sorano
1313 3319 1447 3411 pariter
1462 3329 1500 3389 et
1518 3317 1648 3391 esibiiu
1676 3341 1803 3392 manu·

457 3442 581 3500 tenere
598 3439 636 3498 et
654 3427 849 3498 defendere
864 3469 872 3486 ·
887 3425 935 3497 Et
953 3426 1022 3500 boo
1039 3429 1208 3499 omnibus
1225 3451 1378 3521 quorum
1398 3424 1543 3500 interest
1560 3429 1617 3502 rel
1635 3429 1802 3504 interesse

458 3542 588 3632 puerit
615 3549 741 3609 notum
761 3539 913 3611 facimus
939 3560 1003 3632 per
1028 3536 1213 3633 presentes
1230 3541 1361 3632 quibus
1378 3541 1414 3612 in
1432 3537 1674 3632 premissorum
1701 3541 1802 3614 teili-

457 3653 616 3723 monium
636 3663 746 3742 atque
762 3649 870 3722 iidem
890 3644 1045 3745 sigillum
1066 3647 1225 3722 nollrum
1244 3654 1375 3744 apponi
1395 3647 1552 3723 iussimus
1569 3664 1608 3725 et
1626 3655 1799 3726 fecimus·

456 3763 564 3858 Apud
591 3757 773 3834 ecelesiam
801 3755 958 3832 nostram
985 3761 1230 3834 cathedralem
1258 3765 1368 3835 tertio
1386 3763 1443 3834 die
1464 3759 1595 3836 mensrs
1613 3763 1799 3861 Februarii

454 3897 548 3946 anno
568 3871 712 3944 Dorrrini
732 3866 923 3946 millesimo
940 3871 1295 3968 quadringentesimo
1313 3869 1529 3968 sexagesimo
1546 3877 1688 3970 primo·

458 4203 639 4280 l’roruillio
656 4204 811 4301 episcopi
829 4201 935 4300 super
951 4203 1086 4279 eisdem
1104 4249 1113 4266 ·

456 4408 520 4506 Er
550 4454 615 4502 noa
640 4429 796 4500 Tiromas
821 4423 1012 4521 episeopus
1036 4425 1324 4502 Abbirdonenlis
1352 4431 1597 4523 promittimus
1624 4435 1661 4507 iu
1689 4437 1798 4508 serbo

451 4540 645 4640 parratiiieali
673 4539 768 4633 quod
798 4563 864 4634 pro
893 4539 1135 4614 ratificationc
1166 4541 1427 4636 approbatione
1454 4556 1493 4617 et
1522 4545 1797 4622 confirmatione
