4590 5954
537 755 646 851 νην]
1016 758 1421 833 ABERDONENSE.
1845 765 1890 830 35

536 951 791 1026 Lateranenlis
817 955 960 1049 concilij
987 959 1206 1029 auetoritate
1231 962 1413 1050 priuatum
1443 951 1556 1024 libere
1582 950 1642 1046 alij
1669 953 1889 1024 conserenda

533 1067 597 1157 qni
615 1066 711 1158 quod
728 1065 868 1140 dictum
887 1065 942 1140 est
959 1069 1050 1141 velit
1068 1080 1107 1141 et
1125 1067 1245 1139 valeat
1261 1065 1459 1158 adimplere
1476 1103 1484 1118 ·

683 1287 849 1361 LXXX.
876 1290 985 1376 Quod
1004 1289 1088 1362 laici
1106 1310 1180 1359 non
1199 1294 1348 1358 teneant
1364 1283 1500 1378 placita
1515 1285 1553 1355 in
1572 1279 1748 1357 ecclelia·

533 1506 614 1580 Sub
647 1511 944 1584 interminatione
983 1508 1227 1581 anathematis
1260 1505 1412 1578 firmiter
1449 1507 1678 1599 prohibemus
1716 1528 1763 1578 ne
1803 1506 1883 1578 laici

532 1630 686 1694 teneant
711 1623 848 1716 placita
862 1620 927 1692 sua
943 1617 1118 1692 secularia
1143 1618 1181 1688 in
1207 1614 1364 1710 ecclelijs
1383 1617 1439 1688 vel
1466 1618 1653 1710 cimiterijs
1671 1627 1710 1689 et
1727 1641 1774 1689 ne
1801 1618 1882 1690 laici

531 1727 634 1804 secus
650 1733 764 1806 altare
778 1733 923 1827 quando
936 1729 1036 1802 sacra
1052 1725 1212 1800 misteria
1229 1729 1458 1800 celebrantur
1471 1725 1564 1800 stare
1579 1728 1635 1799 vel
1648 1725 1773 1800 sedere
1787 1731 1883 1800 inter

531 1843 681 1917 clericos
699 1842 908 1938 presumant
926 1881 934 1898 ·
953 1850 1112 1933 excepto
1130 1838 1276 1910 domino
1294 1839 1394 1934 Rege
1412 1850 1451 1911 et
1469 1840 1663 1911 maioribus
1683 1842 1786 1935 regni
1804 1844 1883 1932 qui-

530 1954 599 2026 bus
615 1965 764 2050 propter
780 1955 880 2025 ibam
898 1949 1158 2024 excellentiam
1177 1953 1215 2022 in
1234 1951 1299 2022 bac
1317 1963 1419 2044 parte
1437 1951 1605 2022 duximus
1623 1951 1879 2024 deferendum·

531 2175 718 2248 LXXXI.
745 2175 854 2260 Quod
880 2175 1015 2246 focarie
1041 2182 1080 2246 et
1106 2173 1306 2246 concubine
1332 2172 1556 2244 sacerdotum
1584 2173 1640 2246 vel
1666 2173 1879 2246 clericorum

529 2287 829 2361 beneficiatorum
847 2309 920 2358 non
939 2285 1185 2357 admittantur
1200 2287 1237 2356 iu
1255 2280 1437 2358 ecclesiam
1457 2325 1465 2342 ·

528 2508 627 2581 Item
653 2508 887 2603 prohibemus
906 2505 973 2578 snb
991 2508 1287 2579 interminatione
1312 2507 1553 2578 anathematis
1571 2531 1617 2578 ne
1635 2507 1769 2578 focaria
1794 2532 1879 2579 con-

527 2620 660 2691 cubine
685 2617 911 2690 sacerdotum
930 2619 989 2689 vel
1015 2616 1230 2688 clericorum
1256 2618 1551 2689 beneficiatorum
1569 2618 1625 2688 vel
1651 2619 1746 2689 insta
1761 2617 1878 2690 sacros

527 2730 671 2801 ordines
697 2725 896 2822 positorum
922 2727 1167 2798 admittantur
1188 2729 1224 2796 in
1243 2722 1399 2819 ecclestjs
1424 2728 1468 2797 ad
1494 2749 1623 2818 aquam
1649 2727 1875 2799 benedittaru

526 2840 585 2913 vel
616 2842 715 2934 pacis
745 2837 907 2911 osculum
937 2837 995 2908 vel
1028 2838 1074 2908 ad
1104 2837 1261 2929 aliquam
1296 2838 1585 2908 communionem
1617 2839 1779 2909 fidelium
1810 2863 1876 2911 nec

524 2950 647 3043 alique
672 2950 863 3021 fornicarie
885 2949 932 3020 ab
949 2947 1133 3040 aliquibus
1150 2949 1187 3018 in
1207 2948 1371 3019 domibus
1389 2945 1446 3018 vel
1472 2949 1509 3019 in
1536 2949 1640 3019 terris
1666 2946 1821 3022 scienter
1837 2964 1875 3022 et

525 3063 725 3156 prudenter
742 3070 979 3156 receptentnr
995 3097 1004 3114 ·

589 3281 799 3355 LXXXII.
826 3280 935 3366 Quod
953 3281 1185 3352 matrimomo
1203 3277 1277 3351 stne
1294 3280 1421 3352 bannis
1438 3303 1510 3351 non
1528 3282 1789 3354 contrabantur
1807 3325 1814 3340 ·

524 3505 621 3578 Item
648 3505 881 3597 probibemus
900 3504 1027 3594 nequi
1054 3503 1323 3572 matrimonium
1349 3501 1563 3572 contrabant
1588 3499 1663 3574 sino
1689 3512 1795 3576 terna
1812 3508 1873 3577 de-

524 3617 759 3689 nunciatione
785 3613 1023 3706 solempniter
1050 3613 1143 3684 satta
1169 3613 1205 3682 ln
1232 3607 1380 3683 ecclesio
1401 3613 1458 3682 vbi
1486 3611 1667 3706 deguntsi
1689 3616 1726 3685 in
1745 3617 1870 3690 eadem

522 3728 693 3822 parocbia
718 3737 869 3798 manent
888 3722 914 3795 st
934 3727 972 3796 in
989 3719 1139 3796 diuersrs
1165 3724 1202 3794 iu
1222 3734 1370 3814 utraque
1387 3722 1654 3795 denunciantur
1672 3724 1847 3819 sponsalia
1865 3769 1872 3783 ·

522 3850 562 3911 et
588 3860 636 3911 ne
662 3837 926 3910 contrabantur
952 3830 1029 3907 line
1055 3835 1223 3906 lidelibus
1249 3830 1399 3905 testibus
1424 3845 1462 3904 et
1489 3835 1707 3928 legittimis·
1733 3835 1871 3930 §litem

522 3951 757 4044 probibemus
774 3971 822 4020 ne
839 3957 977 4019 matres
1002 3956 1068 4018 aut
1093 3947 1255 4017 nutrices
1280 3954 1423 4016 teneros
1448 3945 1604 4017 infantes
1629 3948 1667 4018 in
1693 3949 1873 4022 cubilibus

453 4114 464 4122 .
521 4059 644 4134 secum
683 4059 863 4132 collocare
902 4053 1114 4153 presumant
1152 4066 1300 4150 propter
1333 4056 1572 4148 frequentiam
1607 4063 1873 4156 emergentium

520 4171 791 4266 periculorum·

806 4389 1038 4464 LXXXIII.
1065 4389 1124 4462 De
1141 4389 1288 4484 potibus
1304 4391 1430 4462 dandis
1447 4393 1580 4486 egrotis
1597 4429 1606 4447 ·

522 4616 619 4689 Item
646 4615 880 4709 probibemus
898 4613 1095 4707 anitquis
1117 4611 1297 4686 medicine
1322 4615 1466 4710 ignarus
1483 4611 1674 4708 leopanto
1691 4615 1872 4690 medicine
