4526 5954
512 692 583 765 272
1024 683 1325 762 REGISTRUM
1673 695 1839 794 [eccm

512 886 790 960 obuertionibus
806 895 845 960 et
860 885 1025 958 omnibus
1041 881 1139 957 iustis
1155 885 1383 980 pertinentiJe
1399 884 1472 960 suis
1487 889 1526 958 in
1544 887 1694 964 liberam
1712 917 1838 990 puram

512 1008 551 1070 et
568 1009 777 1094 perpetuam
797 994 1024 1072 elemosinam
1042 1037 1051 1056 ·
1066 996 1273 1070 Tenendum
1290 1005 1330 1068 et
1346 997 1548 1071 habendam
1574 1002 1745 1092 predictis
1769 1007 1839 1080 fra-

512 1110 628 1183 tn‘bue
644 1111 690 1183 ad
706 1109 786 1185 vsue
802 1111 960 1206 proprios
984 1110 1072 1183 adeo
1097 1109 1209 1181 libere
1225 1117 1265 1182 et
1280 1109 1403 1202 quiete
1428 1105 1521 1181 sieut
1543 1109 1666 1203 aliqua
1689 1112 1840 1190 ecclelia

511 1223 549 1293 in
567 1246 677 1318 regno
694 1221 817 1296 Scotie
832 1221 1000 1315 predictis
1016 1221 1183 1294 fratribus
1199 1222 1306 1294 datur
1321 1229 1360 1292 et
1372 1219 1584 1293 conceditur
1608 1219 1717 1296 saluis
1732 1227 1837 1300 nobie

512 1343 551 1406 et
567 1330 816 1408 suecessoribus
839 1330 968 1404 nostrie
989 1332 1228 1406 iurisdidicne
1253 1333 1427 1406 canonica
1450 1339 1490 1403 et
1513 1329 1774 1428 episcopalibus
1799 1347 1839 1410 et

510 1441 660 1518 honesta
674 1441 931 1517 sustentatione
947 1444 1075 1537 ydonei
1092 1445 1215 1538 vicarij
1232 1445 1271 1516 in
1287 1443 1446 1540 predica
1467 1439 1618 1516 ecclesia
1632 1467 1740 1538 qoem
1759 1470 1839 1542 pre-

509 1557 595 1629 diiti
611 1557 739 1628 fratres
755 1555 859 1626 nobie
875 1564 914 1625 et
929 1549 1177 1627 succelloribue
1200 1552 1330 1628 nostrie
1349 1550 1680 1630 sufficientillimnm
1696 1557 1838 1654 presen-

507 1669 641 1740 tabunt
656 1667 718 1759 qui
735 1665 837 1736 nobie
853 1671 893 1735 et
909 1660 1157 1738 saccelloribue
1175 1664 1342 1761 [nostrie]
1361 1669 1407 1740 de
1423 1665 1667 1762 spiritualibus
1686 1683 1726 1745 et
1750 1696 1837 1748 cura

506 1779 706 1851 animarum
723 1773 988 1868 respondebunt
1004 1783 1043 1846 et
1058 1775 1221 1868 predidia
1238 1778 1407 1851 iratribus
1424 1780 1470 1852 de
1487 1781 1746 1876 temporalibus
1761 1825 1772 1844 ·
1790 1785 1836 1860 In

506 1890 609 1962 cuiue
633 1888 685 1958 rei
709 1881 954 1958 testimonium
982 1882 1122 1978 presens
1146 1885 1317 1982 scriptum
1344 1885 1448 1985 sigilli
1479 1887 1588 1964 nostri
1613 1890 1836 1992 appositione

506 1998 812 2073 corroborauimue
833 2035 841 2053 ·
864 1992 1029 2068 'festibus
1052 1992 1217 2092 magistro
1235 1996 1426 2071 Willelmo
1442 2001 1490 2072 de
1507 2000 1622 2076 Bosoo
1647 2046 1656 2062 ·
1679 2007 1835 2082 Ricardo

506 2109 647 2184 officiali
659 2103 778 2181 nostro
794 2145 803 2164 ·
820 2107 965 2178 domino
978 2105 1160 2202 Stephano
1173 2106 1380 2182 Senescallo
1390 2114 1573 2186 canonicis
1582 2115 1629 2188 de
1639 2115 1832 2193 Aberden·

505 2221 651 2295 domino
668 2216 857 2290 Willelmo
880 2256 890 2275 ·
909 2255 918 2274 ·
936 2253 945 2272 ·
962 2256 972 2275 ·
989 2227 1028 2290 et
1050 2217 1170 2292 Alano
1195 2221 1381 2294 monachia
1405 2223 1452 2296 de
1468 2223 1642 2298 Aberden
1659 2267 1669 2286 ·
1687 2229 1834 2306 domino

502 2333 527 2408 J
528 2333 670 2406 (ΜΗΘ
683 2331 728 2402 ‘¹⁹
740 2327 863 2404 Sillim
875 2327 1060 2424 ⁰⁸P0¹¹⁸110
1071 2369 1082 2388 ·
1092 2329 1255 2406 Roberto
1268 2332 1314 2407 de
1326 2331 1531 2431 Walchope
1543 2347 1583 2410 et
1592 2339 1720 2414 multis
1731 2343 1832 2438 alije.

503 2657 612 2732 Bulla
628 2657 674 2728 de
690 2651 839 2730 ecclesa
854 2654 899 2728 de
916 2651 1092 2748 Obeyne.
1136 2629 1143 2655 ⁸

500 2859 725 2957 Alexander
741 2875 924 2974 episcopor
937 2873 1058 2950 serum
1071 2874 1254 2950 seruorum
1271 2875 1343 2950 Dei
1361 2877 1500 2953 diledtie
1513 2879 1597 2977 filije
1609 2881 1739 2961 nostrie
1755 2911 1830 2964 ma·

501 2991 611 3091 gistro
628 3002 667 3064 et
683 2991 851 3063 fratribus
866 2988 1000 3062 milicie
1015 2987 1141 3084 templi
1162 2989 1200 3060 in
1217 2987 1353 3086 Anglia
1368 2985 1519 3064 salutern
1537 3005 1576 3066 et
1597 2993 1828 3091 apostolicam

501 3103 787 3180 benedictionem
804 3138 813 3158 ·
830 3102 922 3175 Cum
937 3125 959 3174 a
975 3100 1076 3174 nobie
1091 3101 1229 3195 petitur
1244 3099 1341 3195 quod
1358 3096 1491 3175 iustum
1509 3102 1563 3178 est
1580 3116 1620 3179 et
1637 3109 1828 3188 honestum

498 3231 574 3294 tam
591 3217 693 3312 vigor
708 3215 877 3308 equitatis
894 3236 1001 3307 quem
1018 3212 1102 3284 ordo
1118 3212 1234 3308 exigit
1248 3213 1397 3286 rationis
1414 3223 1458 3285 nt
1480 3216 1516 3287 id
1533 3239 1598 3312 per
1621 3217 1829 3300 sollicitudi-

499 3352 583 3405 nem
601 3327 707 3422 officij
732 3321 842 3398 nostri
866 3325 911 3397 ad
937 3325 1096 3397 debitum
1122 3323 1340 3418 perducatur
1355 3324 1522 3399 effectum
1548 3369 1557 3388 ·
1583 3329 1678 3405 Cum
1703 3335 1827 3431 itaque

496 3439 588 3516 ficut
604 3440 707 3513 nobie
731 3459 911 3532 exponere
936 3431 1118 3509 corruistis
1134 3436 1347 3510 venerabilia
1372 3437 1484 3512 frater
1499 3438 1620 3516 noster
1641 3443 1826 3544 episcopua

497 3545 764 3629 Aberdonenlie
775 3543 960 3622 ecclesiam
979 3546 1024 3620 de
1040 3545 1188 3642 Obeyne
1205 3543 1266 3622 suc
1282 3545 1441 3643 dyocelle
1466 3553 1569 3625 cuiue
1586 3556 1643 3629 ine
1659 3569 1825 3653 patrona·

497 4109 731 4186 Confirmatio
747 4107 842 4206 regie
856 4105 903 4180 de
918 4101 1066 4182 ecclelia
1076 4107 1121 4180 de
1137 4104 1289 4202 Obeyne
1305 4143 1314 4163 ·

491 4313 719 4418 Alexander
733 4329 803 4408 Dei
828 4331 945 4428 gratie
967 4351 1033 4404 rex
1056 4328 1263 4404 Scottcmm
1286 4333 1454 4410 omnibns
1468 4339 1590 4434 probir
1614 4343 1820 4430 homimirce

490 4465 548 4529 tot
564 4473 608 4524 ne
623 4459 720 4524 terre
731 4439 951 4518 suesalutem
964 4481 975 4502 ·
988 4439 1116 4516 Sciatis
1127 4463 1194 4516 noe
1208 4437 1409 4520 conceffille
1419 4458 1460 4524 et
1471 4449 1539 4526 liae
1549 4452 1707 4548 presenti
1720 4477 1819 4542 m

492 4559 613 4641 nostra
636 4551 856 4636 confirmass'e
880 4554 1107 4629 donationem
1131 4553 1231 4646 iiiam
1255 4550 1317 4630 seu
1341 4557 1572 4640 collationem
1589 4589 1699 4664 quarn
1723 4575 1819 4655 bone
