4526 5954
499 688 571 753 984
1031 673 1335 748 REGISTRUM
1683 680 1833 775 [sucum

498 881 652 974 quadam
669 877 809 954 summa
833 879 989 976 pecunie
1006 898 1113 971 quam
1131 873 1309 968 predidtus
1329 871 1520 944 villelmus
1536 897 1600 967 pro
1618 899 1701 948 vero
1716 876 1836 950 valore

497 991 675 1066 ditiorum
704 996 814 1066 trium
843 992 1040 1066 oroftorum
1067 998 1107 1060 et
1131 986 1283 1057 duomm
1311 984 1517 1056 annualium
1544 985 1745 1059 reddituum
1775 992 1834 1062 die

496 1107 731 1179 confedionis
748 1104 924 1200 presentis
938 1113 1036 1176 carte
1053 1104 1090 1173 in
1104 1097 1223 1171 nostra
1234 1097 1337 1192 graui
1354 1091 1558 1168 neoeffitate
1571 1111 1609 1166 et
1624 1111 1833 1190 paupertate

495 1219 647 1311 probata
663 1218 709 1290 ad
726 1213 1027 1288 sustentationem
1041 1215 1116 1284 vite
1132 1206 1251 1282 nostre
1263 1219 1302 1280 et
1319 1209 1508 1281 liberorum
1526 1203 1723 1278 nostrorum
1736 1213 1833 1283 etad

496 1330 620 1428 debita
645 1325 765 1401 nostra
789 1326 1033 1420 adquietanda
1047 1325 1086 1395 iu
1104 1325 1232 1418 quibus
1249 1344 1335 1418 erga
1351 1320 1468 1416 plures
1484 1319 1670 1392 extitimus
1695 1323 1832 1392 onerati

495 1442 590 1513 bene
602 1450 642 1513 et
654 1439 812 1511 fideliter
822 1440 862 1508 in
875 1433 968 1510 iloea
984 1438 1137 1529 pecunia
1153 1444 1343 1507 numerata
1359 1434 1460 1505 nobis
1475 1427 1642 1526 porsoluit
1657 1430 1751 1502 rude
1767 1453 1833 1502 nos

494 1575 559 1646 pro
585 1551 689 1622 nobis
712 1560 751 1620 et
776 1547 969 1618 heredibus
995 1543 1123 1617 nostris
1140 1555 1180 1617 et
1195 1542 1323 1618 nostris
1348 1541 1526 1641 ullignatis
1551 1543 1644 1616 bene
1666 1552 1832 1614 tenemus

494 1671 687 1734 contentos
703 1671 743 1730 et
758 1667 906 1752 pacatos
918 1692 927 1712 ·
939 1655 1112 1727 Tenenda
1123 1667 1163 1728 et
1179 1657 1345 1729 babendo
1360 1657 1515 1751 predido
1526 1653 1715 1726 Willelmo
1732 1653 1833 1727 here-

495 1774 599 1844 dibus
616 1769 687 1842 suis
705 1779 744 1842 et
759 1766 830 1839 suis
847 1761 1029 1861 alligastis
1050 1789 1139 1858 pure
1155 1779 1196 1838 et
1210 1768 1474 1860 imperpetuum
1490 1791 1513 1840 a
1527 1767 1630 1839 nobis
1647 1778 1686 1839 et
1702 1764 1831 1838 nostris

491 1881 684 1955 heredibus
702 1889 742 1951 st
758 1873 941 1971 allignatis
966 1875 1079 1947 libere
1096 1878 1218 1968 quiete
1243 1875 1405 1970 plenarie
1420 1880 1608 1952 honorifice
1626 1880 1720 1951 bene
1736 1887 1776 1951 et
1792 1879 1831 1950 in

492 2015 581 2088 paee
604 1988 680 2062 fine
706 1990 828 2082 aliqua
852 1986 1109 2060 reclamatione
1133 1984 1194 2058 seu
1217 1989 1448 2060 renotatione
1470 1985 1628 2062 nostrum
1648 1989 1705 2062 vel
1730 1991 1832 2064 bere-

493 2105 581 2176 dum
609 2099 810 2173 nostrorum
834 2098 896 2170 l'eu
922 2097 1074 2170 aliorum
1091 2119 1388 2190 quorumcunque
1413 2102 1554 2172 nomine
1574 2098 1693 2172 nostro
1709 2101 1767 2174 vel
1783 2125 1830 2175 ex

494 2228 596 2308 parte
609 2209 729 2284 nostra
740 2213 778 2283 in
791 2211 977 2283 futurum·
990 2207 1069 2280 Nos
1084 2231 1167 2279 vero
1180 2208 1329 2300 predidti
1342 2207 1524 2281 Johannes
1533 2222 1572 2282 et
1585 2209 1715 2284 Emma
1730 2213 1832 2286 hore·

493 2327 556 2398 des
574 2321 685 2397 nostri
702 2333 741 2396 et
759 2318 871 2394 nostri
894 2316 1057 2416 alliganti
1084 2331 1163 2392 tota
1187 2319 1347 2414 predidta
1364 2321 1434 2392 tria
1448 2321 1561 2394 crona
1584 2345 1666 2392 cum
1691 2323 1830 2396 duobus

492 2439 622 2512 annuis
647 2435 849 2510 redditibus
865 2443 906 2506 vt
927 2430 1163 2528 prescriptum
1189 2427 1242 2503 est
1267 2431 1426 2525 prediuo
1444 2429 1615 2504 Villelmo
1639 2434 1830 2508 heredibus

491 2547 563 2622 suis
580 2559 619 2622 et
636 2545 708 2620 suis
724 2542 908 2641 alhgnatis
924 2568 990 2640 pro
1006 2545 1166 2638 predidta
1189 2543 1343 2636 pecunia
1359 2552 1400 2614 vt
1416 2544 1636 2638 premittitur
1659 2541 1774 2618 soluta
1790 2559 1829 2618 et

492 2663 528 2734 in
554 2659 711 2732 nostram
730 2657 926 2730 stilitatem
952 2651 1124 2728 conuersa
1149 2665 1274 2726 eontra
1298 2677 1425 2726 onmes
1448 2655 1609 2728 homines
1625 2669 1663 2727 et
1680 2657 1829 2730 feminas

491 2769 794 2846 ramntizabimus
822 2766 1111 2862 aequistabimus
1135 2776 1176 2838 et
1198 2768 1464 2860 imperpetuum
1490 2767 1722 2842 defendemus
1745 2808 1756 2828 ·
1781 2766 1829 2842 Iu

491 2884 594 2958 euius
619 2883 671 2953 rei
699 2876 947 2952 testimonium
977 2873 1134 2971 presenti
1161 2887 1259 2948 carte
1288 2871 1404 2971 tigilla
1432 2873 1547 2950 nostra
1570 2878 1653 2950 suut
1674 2877 1828 2974 appensa

490 3017 631 3069 necnon
649 3003 688 3064 et
705 2987 863 3085 tigillum
881 2987 1002 3061 Dauid
1020 2987 1174 3059 Browne
1191 2988 1339 3082 prodisti
1360 2999 1400 3062 et
1416 2989 1460 3062 ad
1476 2990 1645 3062 maiorem
1661 2988 1827 3064 securita-

490 3119 567 3180 tem
592 3101 747 3199 tigillum
774 3123 968 3174 commune
992 3100 1096 3193 burgi
1118 3101 1164 3170 do
1181 3099 1354 3170 Aberden
1378 3101 1507 3194 apponi
1532 3104 1825 3194 procurauimus·

492 3219 631 3291 Datum
648 3215 743 3310 apud
761 3211 935 3284 Aberden
961 3212 1075 3304 primo
1093 3211 1152 3280 die
1177 3204 1306 3280 meniis
1322 3209 1347 3282 J
1349 3208 1413 3303 ulij
1430 3233 1522 3282 auno
1539 3210 1685 3284 Domim
1710 3212 1827 3286 mille-

491 3327 580 3402 srmo
592 3321 837 3401 tricentelimo
850 3317 1068 3418 sexagesimo
1083 3323 1191 3394 tertio
1202 3361 1211 3378 ·
1224 3319 1307 3392 lliis
1321 3317 1471 3394 testibus
1480 3321 1675 3395 Maleolmo
1687 3323 1824 3418 Wytb·

493 3440 661 3513 Waltero
679 3438 725 3510 de
747 3434 873 3508 Ettale
889 3471 899 3491 ·
918 3432 968 3503 W
972 3432 1108 3505 illelmo
1134 3436 1179 3506 do
1205 3433 1315 3528 I‘erys
1332 3471 1342 3488 ·
1360 3431 1546 3505 Willelmo
1571 3435 1617 3508 de
1641 3433 1823 3510 Gorb'ue·

492 3552 662 3625 Dutbaeo
679 3551 725 3623 de
742 3547 908 3643 Carnegy
925 3582 934 3601 ·
954 3545 1113 3619 Roberto
1130 3544 1266 3618 Bullolr
1283 3583 1292 3602 ·
1309 3557 1348 3618 et
1364 3543 1487 3618 multis
1501 3545 1606 3619 aliis·

489 3874 698 3950 conuentio
714 3872 811 3944 iuter
825 3868 863 3942 J.
880 3869 928 3941 de
945 3868 1134 3964 Edynbam
1152 3882 1191 3943 et
1206 3869 1247 3942 T.
1266 3865 1431 3942 lonell-

494 4077 658 4176 Preseus
676 4095 871 4168 indentura
887 4095 981 4168 iada
993 4094 1086 4188 apud
1105 4093 1278 4166 Aberden
1295 4092 1437 4165 decimo
1452 4093 1509 4167 die
1524 4092 1653 4170 meniis
1671 4093 1822 4170 Decem·

490 4215 563 4285 bris
573 4207 825 4283 annoDomlni
838 4200 1028 4280 millesimo
1039 4200 1282 4280 tricentellmo
1294 4200 1505 4301 sexagelimo
1515 4208 1643 4281 odana
1654 4207 1822 4281 interlo-

489 4325 647 4398 hannem
678 4321 725 4392 de
752 4317 967 4414 Edyubame
995 4316 1109 4389 filium
1140 4326 1178 4390 et
1206 4316 1374 4389 heredem
1401 4319 1576 4412 quondam
1601 4317 1751 4394 Roberti
1775 4319 1821 4392 ds

489 4435 703 4528 Edynhame
732 4427 946 4526 burgensem
976 4429 1023 4502 de
1055 4429 1227 4502 Aberden
1252 4451 1298 4500 ex
1334 4441 1436 4522 parte
1467 4451 1537 4504 vna
1567 4442 1606 4504 et
1646 4429 1819 4505 'l’homam

489 4545 615 4621 howel
632 4543 747 4618 lilium
766 4539 918 4616 Roberti
940 4553 979 4614 et
1000 4539 1244 4638 hlargaretam
1271 4535 1431 4636 sponsam
1447 4538 1543 4616 suam
1559 4540 1711 4618 sororem
1736 4544 1820 4616 diui
