4564 5968
443 670 512 738 132
963 661 1270 734 nnclsrnon
1635 669 1785 766 [seem

445 862 570 936 Vnum
599 865 798 960 temporale
831 865 877 937 nd
909 859 1054 934 stallum
1082 861 1128 932 de
1153 859 1239 932 Clct
1272 862 1445 934 donatum
1472 886 1537 957 per
1559 869 1714 940 cundem
1750 874 1785 940 in

493 972 649 1049 seeundo
666 978 753 1049 folio
775 973 1006 1076 Tespirituc·

445 1086 571 1161 Vnum
588 1089 808 1162 breuiarium
826 1088 871 1161 nd
890 1088 1005 1160 altare
1022 1083 1143 1158 Sancti
1165 1084 1314 1156 Andree
1333 1085 1369 1154 in
1387 1083 1542 1158 secundo
1560 1089 1645 1161 iolio
1662 1089 1785 1163 Patrio

491 1204 676 1273 cominente
694 1203 761 1298 [ex
775 1202 974 1274 donatione
990 1193 1170 1289 eiusdem]
1184 1235 1194 1254 ·
1207 1205 1246 1267 et
1259 1193 1466 1289 psalterium
1479 1200 1516 1268 in
1530 1197 1685 1272 secundo
1702 1202 1787 1274 folio

492 1309 565 1408 Ipfi
575 1315 612 1384 in
623 1313 683 1386 deo
692 1315 765 1386 erio
774 1312 962 1409 ligandum
974 1310 1019 1382 nd
1030 1309 1297 1404 beneplacitum
1309 1307 1371 1402 filij
1384 1311 1438 1380 sui
1451 1308 1606 1406 magistri
1619 1311 1784 1386 Duneani

336 1495 339 1503 ,
493 1423 667 1496 Sehemre
685 1427 832 1497 redieris
850 1423 1000 1497 declat
1019 1423 1112 1518 [non
1130 1422 1304 1494 naturalis
1321 1418 1379 1493 sed
1399 1445 1463 1516 per
1479 1423 1708 1516 adoptionem
1727 1423 1755 1518 ·]

802 1757 990 1851 Incipiunt
1008 1777 1113 1829 uem
1132 1778 1396 1831 1on1scwnns
1414 1801 1422 1816 ·

442 1977 638 2072 Degestum
665 1990 770 2049 vetus
789 1980 965 2070 incipiens
983 1981 1021 2049 in
1039 1977 1195 2050 secundo
1213 1980 1299 2052 solio
1317 1979 1518 2079 Nostrorum
1538 1983 1705 2058 ordinatio
1723 2029 1731 2044 ·

439 2089 594 2160 hedure
606 2089 711 2182 iirper
721 2090 846 2160 codice
860 2089 1037 2180 incipiens
1052 2085 1141 2160 Cone
1151 2091 1225 2186 P‘fi
1239 2133 1247 2148 ·
1261 2094 1348 2162 etin
1363 2091 1519 2166 secundo
1529 2095 1614 2166 solio
1626 2085 1783 2186 Quando-

487 2201 730 2295 preponitur·

438 2313 646 2407 Apparatus
664 2309 769 2406 super
787 2310 913 2382 codice
930 2321 969 2382 ct
988 2311 1116 2403 incipit
1132 2309 1221 2382 Jcri
1236 2335 1369 2405 opernm
1390 2353 1398 2368 ·

441 2422 634 2522 ingestum
665 2437 770 2496 vetus
796 2423 924 2516 incipit
952 2423 989 2492 in
1019 2420 1174 2494 i'eeundo
1205 2422 1290 2493 ioiio
1323 2423 1424 2512 Quod
1448 2431 1690 2503 eormnoninrre
1716 2459 1779 2504 nem

551 2547 606 2611 rt·

436 2538 633 2746 ὓεέρεζὶυηι
654 2662 759 2720 retus
776 2647 953 2740 incipiens
970 2647 1007 2717 in
1026 2643 1181 2719 secundo
1200 2647 1285 2716 solio
1304 2645 1404 2736 Qreod
1419 2649 1591 2742 eorpiore·

435 2759 633 2857 Degcstum
649 2783 785 2832 nonunt
804 2782 850 2830 ox
866 2759 1063 2830 donatione
1074 2756 1232 2854 magistri
1247 2759 1385 2830 Tironic
1402 2757 1563 2833 i'orstare
1574 2767 1609 2834 in
1624 2765 1777 2840 iocunde

484 2873 570 2944 folio
589 2875 625 2944 in
647 2882 756 2942 textu
775 2865 1011 2941 Prodidetor·

434 2987 557 3057 Codex
577 3007 623 3055 cx
652 2984 849 3054 donatione
867 2978 1026 3053 ciusdem
1056 2983 1232 3076 incipiens
1260 2986 1295 3054 in
1324 2982 1480 3054 secundo
1506 2986 1591 3057 folio
1609 2992 1645 3062 in
1671 2993 1776 3063 rubro

484 3085 778 3192 Dejircrosondlic
795 3090 932 3186 ecclesp'r
949 3133 958 3149 ·

434 3207 530 3280 Item
549 3208 640 3279 iiber
664 3201 854 3276 vicesimus
871 3226 989 3274 nonus
1006 3201 1052 3274 do
1071 3204 1118 3274 ii·
1138 3208 1250 3276 reteri
1270 3209 1445 3300 incipiens
1463 3211 1499 3280 in
1519 3209 1673 3287 secundo
1691 3219 1774 3290 folin

481 3323 637 3392 intexto
650 3313 860 3388 Prohibetur
876 3354 884 3372 ·
904 3338 949 3386 ex
963 3315 1159 3387 (intentione
1173 3315 1330 3412 magistri
1345 3317 1483 3390 Thorne
1498 3319 1683 3418 Forcsterij
1699 3351 1775 3422 pn·-

482 3431 643 3522 bcndnrij
662 3430 707 3500 de
727 3427 965 3499 Dunnnnnoc
984 3467 992 3482 ·

432 3545 528 3615 itern
558 3542 648 3614 iiber
671 3540 817 3613 Codicis
845 3543 881 3610 in
909 3536 1066 3610 iocunde
1085 3541 1169 3611 ioiio
1188 3543 1224 3610 in
1244 3544 1352 3614 rubro
1380 3543 1673 3640 Drjircroronciis
1689 3557 1774 3648 epifi

481 3656 573 3751 copie
596 3695 604 3712 ·
624 3677 669 3726 ex
688 3654 885 3724 donatione
903 3650 1064 3723 eiuiiieni
1082 3663 1121 3723 et
1138 3654 1174 3723 in
1195 3655 1295 3748 nigro
1314 3657 1441 3748 incipit
1461 3655 1526 3751 Est
1544 3657 1625 3730 dcc.

892 3919 1004 3992 binni
1026 3941 1104 3993 ron
1124 3941 1285 3992 perenni
1306 3959 1315 3976 ·

432 4104 493 4178 itti
522 4103 604 4176 sunt
636 4102 715 4175 iibri
748 4123 819 4171 non
851 4103 985 4195 reperti
1017 4103 1053 4172 in
1086 4101 1261 4174 librario·
1292 4101 1332 4174 in
1363 4107 1488 4198 primis
1516 4105 1769 4186 i'ncrnrnentnie

479 4217 647 4310 lingonis
670 4211 716 4284 de
743 4211 879 4284 Sanco
903 4212 1037 4284 victore
1060 4215 1236 4308 incipiens
1254 4214 1289 4284 in
1309 4213 1465 4288 iocunde
1491 4218 1576 4292 folio
1593 4223 1628 4292 in
1648 4227 1770 4298 tabule

478 4333 592 4418 Qreorr
611 4323 829 4422 potenciam.

430 4441 525 4514 Item
543 4436 697 4512 iocunda
724 4457 806 4532 pere
823 4433 1018 4508 Sententic
1035 4437 1135 4510 edite
1151 4462 1174 4509 e
1190 4438 1297 4510 bento
1323 4439 1462 4514 Tironio
1487 4443 1531 4514 de
1556 4445 1703 4540 Aquino
1728 4467 1765 4522 et

474 4552 602 4645 incipit
619 4547 711 4641 Quio
721 4535 873 4644 ⁸foedior
887 4543 1120 4645 damascenus·
