4526 5954
464 742 574 839 xun]
935 743 1339 824 ABERDONENSE.
1733 759 1808 832 27⁷

461 953 582 1030 nostre
603 967 644 1032 et
667 981 732 1055 pro
756 963 895 1036 eunetis
919 959 1088 1036 fidelibus
1113 959 1289 1034 defirnttis
1314 958 1436 1031 diuina
1459 956 1657 1031 celebrabit
1678 982 1800 1034 rerum

460 1067 637 1144 ditiorum
661 1094 863 1170 pauperum
888 1077 942 1149 eis
957 1098 982 1149 a
1004 1072 1110 1146 nobis
1133 1066 1374 1145 eoneell'arum
1393 1076 1435 1141 vt
1458 1062 1558 1139 saluo
1583 1075 1623 1141 et
1646 1067 1800 1144 honesto

458 1181 565 1258 iuxta
592 1186 785 1260 facultates
811 1183 1007 1260 elemofine
1030 1179 1154 1256 nostre
1178 1177 1313 1254 eisdem
1335 1177 1567 1273 prouidentur
1589 1180 1799 1274 generalem

458 1293 593 1371 habeat
621 1294 972 1373 administrationem
996 1333 1007 1351 ·
1040 1305 1080 1366 et
1105 1286 1132 1363 fi
1156 1291 1251 1364 eirea
1283 1290 1478 1384 predisem
1506 1285 1799 1364 substitutionem

458 1407 685 1506 negligentes
697 1410 873 1483 fuerimus
889 1405 987 1501 qnod
1004 1397 1097 1478 abiit
1109 1401 1169 1474 vel
1185 1401 1315 1474 ceteris
1331 1397 1489 1498 negoeijs
1505 1401 1544 1474 in
1556 1403 1705 1475 remotis
1717 1425 1799 1498 pre-

456 1519 572 1615 pediti
588 1521 658 1595 hoe
674 1519 873 1615 adimplere
898 1540 973 1589 non
989 1513 1153 1588 valentes
1169 1536 1217 1586 ne
1233 1508 1424 1587 elemolina
1438 1509 1559 1588 nostra
1581 1515 1621 1586 in
1646 1536 1798 1587 numero

455 1631 700 1726 predidterum
732 1648 934 1726 pauperum
963 1649 1012 1701 ex
1039 1647 1142 1698 mora
1173 1620 1404 1720 dispensando
1435 1625 1667 1720 protrahatur
1698 1626 1796 1718 quod

454 1741 575 1818 didus
599 1741 807 1838 capellanus
840 1739 922 1812 loeo
951 1737 1116 1811 sedentis
1148 1736 1208 1810 vel
1241 1737 1449 1812 decedentis
1481 1738 1649 1834 pauperis
1683 1735 1796 1812 elium

456 1875 614 1952 egenum
631 1854 734 1927 euius
753 1849 878 1944 inopia
900 1849 1034 1922 merite
1058 1847 1222 1947 indigeat
1237 1845 1429 1924 elemosina
1452 1845 1643 1924 sustentari
1668 1846 1796 1923 substi-

455 1974 540 2042 tuat
563 1965 723 2058 alioquin
748 1960 854 2034 nobis
870 1969 910 2033 et
925 1959 1120 2034 heredibus
1135 1956 1264 2036 uostris
1287 1959 1489 2037 huiusmodi
1514 1959 1723 2037 substitutio
1738 1985 1795 2035 re-

453 2073 620 2152 seruetur
635 2114 645 2134 ·
663 2071 1002 2169 Obligamusetinm
1013 2093 1080 2145 nos
1091 2079 1132 2146 et
1140 2072 1290 2147 heredes
1302 2071 1439 2148 nostros
1451 2097 1593 2148 necnon
1601 2086 1642 2149 et
1653 2084 1795 2149 eeteros

454 2183 595 2262 nostres
612 2180 824 2259 succederes
841 2205 908 2256 nos
924 2191 965 2256 et
980 2179 1075 2279 ipsos
1090 2179 1322 2258 iurisdiitioni
1346 2181 1501 2282 episcopi
1523 2183 1793 2261 Aberdouenfis

454 2301 518 2395 qui
534 2321 600 2394 pro
614 2307 779 2390 tempore
793 2295 903 2368 fuerit
920 2291 1143 2390 subjiciendo
1159 2295 1219 2369 vel
1238 2296 1292 2394 [ti
1305 2295 1420 2394 libeni]
1435 2298 1469 2371 ei
1485 2318 1551 2370 nos
1564 2307 1604 2371 et
1619 2295 1712 2393 ipsos
1729 2320 1795 2394 per

454 2407 642 2485 censuram
656 2402 1288 2482 eecleiinstieamadobsemationem
1301 2404 1794 2484 dideeelemofineetsusten-

453 2522 633 2597 tationem
650 2529 692 2594 rt
709 2520 847 2593 dimum
865 2514 921 2593 est
937 2517 1157 2614 eompellere
1173 2555 1182 2576 ·
1198 2520 1441 2594 renunciando
1455 2520 1495 2592 in
1509 2519 1579 2594 hae
1599 2531 1703 2614 parte
1726 2544 1793 2616 pro

454 2633 560 2708 nobis
576 2607 615 2706 e⁴t
627 2629 823 2706 heredibus
839 2628 970 2705 nostris
986 2640 1026 2706 et
1042 2630 1174 2705 ceteris
1191 2625 1440 2705 lueeefforibus
1456 2627 1585 2703 nostris
1601 2627 1794 2705 cuiussibet

453 2745 542 2818 iuris
551 2744 713 2817 remedio
725 2765 792 2838 per
800 2743 898 2837 qued
909 2741 1006 2817 diets
1014 2737 1343 2816 elemofinadeferri
1352 2739 1466 2838 pollet
1476 2750 1540 2814 aut
1552 2743 1732 2838 impediri·
1745 2741 1791 2818 In

453 2856 558 2931 euius
567 2855 621 2929 rei
631 2851 880 2930 testimonium
892 2854 979 2928 buin
989 2850 1124 2950 scripto
1136 2848 1291 2950 srg‘llum
1300 2851 1460 2927 nostrum
1469 2853 1621 2928 fecimus
1636 2857 1790 2951 apponi·

454 2965 526 3040 His
542 2963 696 3041 testibus
719 2967 868 3040 domiuo
895 2965 1055 3041 Ricardo
1080 2963 1152 3040 Dei
1179 2967 1296 3063 gratia
1321 2963 1485 3062 episeopo
1510 2963 1790 3039 Aberdonenii·

453 3080 601 3153 domino
618 3079 812 3154 Willelmo
838 3080 973 3154 eomite
1002 3079 1049 3154 de
1074 3076 1200 3152 Matre
1217 3118 1226 3136 ·
1244 3077 1390 3150 domino
1413 3075 1603 3150 Willelmo
1628 3075 1791 3175 Oumyne

452 3188 573 3264 milite
590 3189 762 3264 domino
779 3189 816 3263 R
831 3228 842 3248 ·
859 3187 954 3264 dido
970 3188 1099 3265 Ohene
1114 3189 1233 3263 milite
1249 3187 1461 3285 ·ltadnlph0
1478 3181 1627 3262 Lailelis
1637 3187 1791 3264 clerieo·

453 3297 660 3399 magister}
682 3341 693 3362 ·
719 3302 766 3375 de
790 3300 1035 3399 Stratbeburg
1058 3311 1149 3376 tune
1172 3299 1315 3376 officiali
1339 3295 1589 3376 Aberdonenfi
1614 3311 1654 3375 et
1682 3301 1790 3398 alijs·

452 3411 590 3487 Adum
618 3414 715 3510 apud
740 3411 856 3510 Kelly
878 3414 919 3486 in
945 3412 1100 3488 Buehan
1124 3412 1185 3488 die
1201 3413 1342 3488 veneris
1365 3413 1530 3508 proxime
1553 3407 1634 3507 pust
1655 3407 1791 3488 festum

452 3521 563 3600 sandei
580 3525 725 3601 Mathei
742 3522 895 3622 apostoli
911 3534 952 3600 et
967 3521 1193 3625 euangelista
1208 3546 1303 3602 anno
1317 3525 1434 3623 gratie
1450 3519 1640 3599 millellmo
1657 3525 1791 3601 dueen-

450 3631 582 3714 telimo
598 3633 820 3738 sexageliruo
835 3637 980 3734 primo·

450 3943 651 4050 Vniuerlis
662 3970 783 4049 innita
797 3976 924 4050 matris
941 3971 1092 4050 eeelelie
1102 3973 1187 4071 liliis
1202 3971 1314 4072 Hugo
1330 3971 1400 4048 Dei
1415 3973 1532 4070 gratia
1548 3973 1789 4050 Aberdonen·

450 4081 496 4161 fis
511 4079 661 4160 eeelelie
676 4083 841 4162 minister
851 4085 1001 4161 humilis
1013 4084 1168 4161 salntem
1178 4123 1188 4144 ·
1199 4083 1325 4161 Sciam
1341 4082 1522 4181 presentes
1533 4095 1573 4160 et
1588 4086 1705 4161 futuri
1723 4110 1790 4162 nos

448 4199 496 4272 de
518 4192 692 4272 eonsensu
716 4208 757 4272 et
781 4195 920 4274 allensu
943 4197 1095 4295 capituli
1119 4193 1229 4273 nostri
1246 4195 1377 4272 dedilie
1399 4208 1440 4272 et
1462 4197 1530 4272 bae
1545 4207 1647 4273 earta
1668 4197 1790 4277 nostra

447 4303 670 4385 eonhrmnlle
680 4308 874 4385 Willelme
889 4309 1115 4387 de'latenell
1125 4311 1264 4385 homini
1280 4307 1399 4384 nollro
1414 4311 1452 4384 in
1468 4309 1577 4384 feodo
1588 4321 1629 4385 et
1644 4310 1790 4386 beredi-

447 4430 528 4497 tate
542 4418 625 4496 illes
646 4420 736 4496 duas
752 4433 940 4498 mmeatae
955 4433 1054 4500 terre
1069 4425 1110 4499 in
1125 4422 1403 4522 Kynnlcbrnond
1419 4444 1507 4518 quas
1523 4443 1648 4498 eomes
1664 4420 1789 4500 Dauid

448 4528 599 4610 eoeleste
611 4528 733 4609 nostre
748 4545 789 4610 et
804 4533 971 4634 episeopo
987 4533 1144 4614 Matheo
1161 4537 1301 4612 dederit
1318 4575 1328 4596 ·
1344 4535 1532 4610 Tenendus
1547 4542 1589 4609 et
1603 4534 1790 4612 habendas

448 4642 515 4723 fibi
540 4655 581 4722 et
605 4645 799 4724 heredibus
822 4645 895 4739 suis
918 4649 967 4727 de
990 4649 1098 4727 nobis
1120 4644 1162 4728 et
1179 4644 1430 4726 sueeell'eribus
1449 4642 1580 4724 uostris
1604 4645 1718 4722 libere
1747 4662 1788 4723 et
