4590 5954
482 737 587 832 xiii]
948 743 1353 819 ABERDONENSE.

752 1049 865 1125 XIII.
892 1055 951 1127 De
968 1053 1211 1128 mansionibus
1228 1051 1522 1124 beneficiatorum
1541 1093 1548 1108 ·

482 1271 683 1346 Statuimus
700 1277 810 1349 etiam
828 1279 924 1372 quod
942 1276 1104 1370 quelibet
1122 1271 1272 1347 ecelesia
1288 1271 1509 1346 mansionem
1526 1274 1685 1368 aliquam
1711 1300 1823 1372 prope

474 1380 663 1457 'eeclesiam
681 1389 813 1461 habeat
829 1391 868 1460 in
881 1412 953 1481 qua
965 1384 1149 1482 episeopus
1164 1384 1238 1458 siue
1255 1386 1526 1458 archidiaconus
1543 1385 1693 1460 honeste
1710 1391 1820 1483 recipi

481 1496 600 1570 valeat
623 1522 730 1591 quam
755 1501 982 1572 decernimus
1007 1500 1100 1571 infra
1124 1521 1260 1578 annum
1278 1496 1410 1568 debere
1434 1497 1511 1568 sieri
1530 1537 1538 1552 ·
1558 1508 1633 1570 tam
1656 1497 1821 1593 expensis

479 1607 707 1702 personamm
723 1635 831 1706 quam
849 1611 1062 1682 vicariorum
1080 1633 1144 1703 pro
1163 1619 1242 1680 iata
1258 1606 1399 1678 suarum
1423 1609 1628 1701 portionum
1646 1648 1655 1666 ·
1674 1607 1822 1683 Susten-

481 1723 571 1793 tatio
605 1731 726 1795 autem
759 1723 948 1793 domorum
983 1717 1119 1814 spettat
1151 1722 1196 1794 ad
1232 1721 1405 1792 vicarium
1438 1742 1521 1790 eum
1557 1721 1688 1793 habeat
1719 1721 1820 1794 vsuni

479 1859 602 1906 earum
631 1845 669 1906 et
697 1835 927 1906 commodum
958 1842 996 1904 et
1025 1834 1070 1905 ad
1101 1835 1169 1907 hoo
1196 1857 1261 1927 per
1288 1826 1607 1923 sequestrationem
1637 1834 1819 1905 fruttuuni

479 1945 704 2020 eeclesiarum
722 1945 963 2040 compellatur
979 1988 988 2006 ·

626 2167 758 2241 XIIII.
784 2169 891 2255 Quod
909 2173 995 2242 noui
1013 2167 1139 2243 census
1157 2195 1229 2242 nou
1248 2172 1479 2263 imponantur
1496 2165 1645 2241 eeclesie
1664 2213 1671 2225 ·

478 2395 679 2468 Statuimus
703 2397 813 2468 etiam
835 2395 931 2488 quod
957 2396 1043 2466 iioui
1069 2391 1195 2466 census
1220 2388 1378 2486 eoelesijs
1403 2403 1469 2466 aut
1486 2395 1626 2486 vicarijs
1653 2418 1723 2465 nori
1752 2399 1818 2466 iui-

476 2520 655 2600 ponantur
679 2529 746 2578 neo
770 2507 910 2599 antiqui
941 2503 1067 2577 census
1093 2514 1294 2598 augeantur
1316 2514 1355 2574 et
1379 2500 1405 2576 fi
1430 2503 1532 2576 secus
1559 2507 1679 2576 adum
1708 2509 1819 2579 suerit

477 2614 669 2689 seeundum
684 2615 925 2688 lateranense
942 2614 1135 2688 concilium
1154 2617 1341 2684 irritentur
1354 2624 1392 2684 ot
1406 2613 1660 2706 delinquentes
1679 2619 1716 2687 in
1735 2617 1819 2690 tali·

478 2731 543 2800 bus
561 2740 665 2822 prout
682 2723 812 2798 iustum
831 2727 941 2797 suerit
959 2727 1155 2818 puniantur
1174 2767 1181 2782 ·

847 2946 935 3020 XV.
964 2947 1020 3018 De
1037 2947 1186 3018 clericis
1203 2947 1410 3017 ordinandis
1428 2988 1436 3003 ·

475 3175 534 3246 Ad
561 3175 625 3246 lice
644 3171 832 3244 statuimus
848 3173 944 3265 quod
972 3171 1093 3243 nullus
1119 3168 1303 3264 episeopus
1328 3169 1477 3241 elericos
1495 3171 1540 3241 de
1558 3169 1698 3264 dyocesi
1725 3173 1816 3245 altc-

476 3289 546 3358 rius
572 3285 723 3380 episcopi
746 3285 791 3356 ud
814 3285 958 3356 ordines
986 3284 1143 3354 maxime
1166 3280 1280 3353 sacros
1306 3279 1381 3353 sine
1409 3281 1541 3353 litteris
1568 3283 1737 3376 ordinarij
1762 3285 1813 3357 s'ui

476 3397 530 3470 rel
549 3401 625 3470 cius
642 3396 801 3468 officialis
817 3397 990 3468 admittat
1008 3434 1016 3452 ·
1034 3393 1155 3466 elerici
1172 3405 1297 3466 autem
1314 3389 1546 3466 transliuntes
1559 3395 1617 3467 iel
1636 3398 1750 3490 ignoti
1767 3399 1812 3469 ad

474 3511 613 3582 nuiluiii
637 3508 793 3580 officium
819 3502 1097 3580 ecclesiasticum
1118 3501 1192 3576 siue
1216 3505 1348 3577 litteris
1373 3506 1679 3600 commendatitijs
1705 3511 1813 3580 certis

474 3625 735 3695 admittantur·
757 3631 796 3691 et
814 3615 840 3690 si
859 3615 934 3690 sine
951 3612 1160 3690 admissione
1186 3614 1341 3710 episcopi
1362 3615 1521 3689 osiieialis
1546 3617 1811 3692 arcliidiaehoni

473 3739 510 3806 in
536 3729 691 3806 ecclesiis
716 3729 978 3825 parochialibus
1003 3726 1064 3800 seu
1090 3729 1237 3823 capellis
1254 3727 1291 3800 se
1308 3729 1440 3800 diuinis
1465 3725 1711 3800 inmiscucrint
1737 3731 1810 3826 ipso

473 3847 565 3918 fauo
583 3842 651 3916 sint
669 3838 821 3938 suspensi
840 3883 848 3899 ·
867 3841 928 3913 Ad
953 3841 1019 3914 bec
1046 3837 1237 3913 statuimus
1262 3839 1358 3934 quod
1384 3839 1538 3933 quilibet
1563 3836 1725 3912 sacerdos
1748 3842 1808 3915 seu

472 3959 621 4032 clericus
637 3957 681 4028 ad
700 3955 911 4051 religionem
928 3948 1117 4025 translicns
1142 3954 1275 4026 babeat
1291 3950 1446 4024 annuale
1463 3950 1565 4022 souin
1585 3945 1676 4025 sieut
1693 3971 1731 4025 et
1749 3956 1809 4048 aiij

472 4072 532 4165 qui
550 4073 586 4142 iii
606 4067 762 4140 Domino
779 4067 1010 4138 moriuntur·

757 4289 866 4364 XVI.
893 4287 952 4363 De
968 4285 1222 4363 oonsesibribus
1239 4285 1524 4360 constituendis·

471 4517 574 4604 Quod
601 4516 638 4587 iii
663 4515 817 4608 quodam
840 4513 994 4587 coneilio
1019 4509 1196 4588 statutum
1219 4509 1272 4586 est
1293 4510 1533 4606 approbantes
1558 4505 1748 4583 statuimus
1770 4527 1809 4586 rt

470 4654 534 4727 per
549 4623 725 4724 quossibet
742 4627 939 4719 decanatus
955 4627 1153 4722 prudentes
1171 4628 1236 4699 riri
1254 4635 1293 4697 et
1322 4623 1446 4696 fideles
1463 4618 1732 4696 constituantur
1747 4649 1811 4720 per

519 4761 601 4816 vot.
621 4761 662 4813 ii.
1126 4759 1149 4810 a
