4526 5954
319 601 324 610 ·
457 601 531 672 294
985 593 1288 670 ancrsrauu
1629 600 1784 699 [secun

458 791 604 886 aliquali
621 795 899 870 contradictione
924 803 989 869 aut
1011 795 1243 866 reuocatione
1268 791 1427 864 nostrum
1444 796 1496 866 rel
1515 796 1690 870 heredum
1706 798 1786 872 uos-

459 912 596 978 trorum
625 921 689 980 aut
715 909 865 982 aliorum
892 927 1187 1004 quorumcunque
1216 905 1363 976 nomine
1389 903 1502 976 nostro
1528 906 1658 980 velex
1683 919 1786 1002 parte

459 1013 578 1090 nostra
607 1021 692 1092 inde
721 1022 882 1095 facienda
911 1043 994 1094 cum
1025 1017 1192 1091 omnibus
1219 1016 1445 1088 libertatibus
1470 1018 1786 1091 commoditatibus

457 1112 685 1210 aysramcutis
702 1129 740 1192 et
757 1123 885 1194 ceteris
901 1118 1134 1215 pertinencijs
1147 1114 1417 1212 quibuscunque
1432 1116 1473 1188 ad
1490 1114 1606 1210 ipsum
1622 1138 1783 1190 aunuum

457 1228 638 1302 redditum
663 1228 905 1325 spettautibus
930 1227 992 1303 scu
1013 1225 1106 1303 iuste
1131 1228 1287 1323 spessare
1313 1227 1508 1300 valentibus
1532 1229 1570 1298 iu
1593 1226 1784 1298 sutorum·

458 1337 508 1410 Et
525 1364 590 1413 nos
607 1365 690 1414 vero
716 1345 810 1416 ditte
837 1343 1009 1414 Marioria
1025 1351 1064 1414 et
1081 1341 1291 1436 Margareta
1315 1340 1460 1412 heredes
1475 1335 1583 1410 nostri
1611 1347 1648 1410 et
1673 1335 1784 1410 nostri

456 1446 620 1547 assignati
648 1453 846 1546 preditium
874 1476 1035 1524 annuum
1065 1453 1247 1524 redditum
1277 1475 1361 1524 cum
1390 1451 1615 1545 pertinencijs
1644 1449 1785 1544 prefato

457 1560 646 1635 Willelmo
672 1563 861 1634 heredibus
879 1560 949 1633 suis
966 1573 1004 1634 et
1020 1560 1091 1634 suis
1116 1557 1299 1656 assignatis
1325 1574 1447 1635 contra
1465 1585 1590 1634 omnes
1620 1563 1785 1634 homiues

454 1685 494 1746 et
520 1674 671 1745 feminas
693 1673 992 1744 rorantizabimus
1019 1673 1303 1765 acquietabimus
1321 1683 1360 1745 et
1376 1675 1635 1768 imperpetuum
1661 1673 1785 1745 desen-

454 1785 602 1856 demus·
620 1783 664 1854 In
683 1785 784 1856 cuius
801 1785 851 1854 rei
870 1780 1116 1854 testimonium
1131 1780 1285 1877 presenti
1296 1794 1395 1855 carte
1411 1783 1524 1857 nostre
1535 1781 1649 1881 sigilla
1665 1781 1785 1858 nostra

453 1892 538 1965 sunt
555 1893 709 1988 appensa
725 1907 764 1966 et
786 1896 830 1967 ad
857 1896 1029 1965 maiorem
1047 1895 1154 1966 huius
1179 1896 1231 1966 rei
1249 1891 1470 1965 securitatem
1484 1891 1599 1988 sigilla
1614 1895 1784 1988 Symouis

452 2007 497 2077 de
515 2005 695 2101 Bynnyne
713 2017 751 2078 et
769 2004 906 2078 Helisei
933 2007 978 2078 dc
1004 2005 1140 2077 Dalton
1167 2006 1320 2076 duorum
1341 2001 1549 2076 balliuorum
1567 2005 1652 2078 dieti
1679 2005 1782 2102 burgi

451 2115 677 2210 presentibus
694 2121 823 2214 apponi
841 2119 1112 2212 procurcuimus
1125 2155 1134 2173 ·
1148 2115 1258 2210 Apud
1275 2115 1445 2188 Aberden
1456 2117 1563 2188 tertio
1581 2117 1639 2188 die
1651 2112 1784 2190 mensis

449 2225 475 2298 J
477 2227 544 2321 ulij
563 2253 657 2302 anno
677 2229 822 2303 Domini
841 2226 1029 2302 mittesnno
1047 2225 1290 2302 tricentesrmo
1307 2223 1528 2324 nonagesimo
1545 2226 1648 2302 sexto
1661 2269 1670 2287 ·
1685 2225 1784 2301 testi·

450 2340 518 2412 bus
550 2339 740 2414 Willelmo
772 2343 921 2415 Andree
951 2352 1039 2413 tunc
1066 2341 1151 2415 diui
1178 2341 1281 2438 burgi
1305 2338 1531 2414 ddermmno
1555 2377 1564 2397 ·
1591 2339 1782 2414 Willelmo

450 2451 497 2523 de
514 2449 668 2526 Camers
684 2493 694 2513 ·
713 2452 912 2527 Laurencio
935 2454 982 2526 de
1006 2452 1101 2526 Loth
1118 2491 1128 2511 ·
1145 2452 1356 2525 Alexandro
1373 2451 1569 2526 Bauerman
1586 2492 1596 2511 ·
1613 2450 1783 2528 Johaune

450 2562 495 2634 dc
513 2563 674 2638 Leddole
692 2577 731 2640 et
747 2567 873 2639 multis
893 2567 972 2660 alijs
990 2606 999 2624 ·

447 2883 561 2959 Carta
577 2888 775 2960 feodifirmc
791 2889 941 2962 dimidie
958 2890 1071 2982 partis
1089 2891 1135 2962 do
1154 2887 1391 2960 Newlandis·

449 3091 649 3194 Vniuersrs
663 3115 753 3186 hanc
768 3125 902 3186 cartam
918 3109 1040 3184 risoria
1055 3113 1113 3186 rei
1126 3114 1302 3186 audituris
1315 3113 1474 3185 Andreas
1487 3111 1582 3186 Vasc
1594 3113 1780 3210 burgensis

448 3236 494 3308 de
504 3227 676 3302 Aberden
757 3225 888 3298 Sciatis
901 3247 960 3296 me
974 3265 983 3282 ·
998 3259 1007 3276 ·
1023 3226 1090 3298 ·ad
1100 3225 1347 3298 scodosirmam
1361 3220 1517 3297 dimisisse
1534 3236 1592 3298 et·
1606 3229 1780 3300 ncousir·

448 3332 1628 3432 matredileuoconsurgensmeotohannigouletotamdimidiam
1638 3349 1777 3433 partem

448 3467 623 3528 terrarum
637 3451 682 3522 de
694 3448 946 3544 lyNeniandis
959 3448 1046 3520 mibi
1060 3449 1138 3520 iuro
1148 3448 1365 3520 hereditario
1382 3449 1647 3543 contingentem
1659 3452 1780 3524 iacen-

448 3579 524 3639 tem
541 3563 636 3637 insra
659 3563 879 3633 territorium
898 3559 1095 3632 emitorum
1121 3561 1225 3657 burgi
1252 3563 1298 3634 de
1314 3559 1481 3632 Aberden
1497 3560 1593 3632 inter
1616 3585 1779 3636 commu·

447 3701 531 3753 nem
550 3677 645 3748 viam
658 3674 792 3767 regiam
805 3673 1017 3745 tendentem
1031 3696 1055 3745 a
1066 3681 1177 3766 ponte
1193 3673 1374 3745 latronum
1389 3669 1551 3766 usquead
1568 3685 1719 3768 pontem
1731 3676 1778 3747 de

445 3789 643 3885 Polgorrny
667 3782 786 3856 versus
818 3785 986 3858 occidens
1019 3793 1058 3856 et
1083 3783 1120 3880 ly
1153 3783 1314 3874 Tutairill
1340 3779 1454 3856 versus
1475 3783 1620 3857 boream
1644 3796 1685 3859 et
1708 3787 1778 3859 sos·

444 3901 519 3976 sam
541 3898 635 3991 Foty
651 3894 770 3968 uersus
795 3896 913 3967 oriens
936 3904 976 3967 et
999 3896 1156 3968 crustum
1180 3897 1277 3989 quod
1302 3894 1481 3969 iohannes
1504 3895 1598 3970 silius
1623 3896 1776 3971 Henrici

444 4021 549 4087 tenet
565 4010 612 4083 de
628 4007 820 4082 heredibus
830 4009 1012 4100 quondam
1027 4005 1052 4078 J
1054 4006 1206 4080 ohannis
1222 4005 1361 4102 Lydaie
1377 4016 1415 4079 et
1431 4008 1580 4082 crustum
1597 4007 1777 4082 iohannis

447 4123 603 4220 Wrycht
621 4115 741 4192 versus
757 4113 915 4191 austrum
1000 4117 1201 4192 Reddendo
1217 4117 1302 4192 inde
1312 4156 1322 4176 ·
1333 4155 1364 4176 ··
1380 4119 1451 4214 regi
1466 4114 1651 4192 seruitium
1675 4118 1777 4194 debi-

443 4253 524 4310 tum
551 4246 589 4308 et
609 4230 819 4306 consuetum
836 4231 923 4302 mihi
942 4252 1026 4304 vero
1044 4229 1236 4304 heredibus
1251 4231 1344 4302 meis
1361 4241 1400 4302 et
1413 4232 1496 4304 meis
1512 4226 1696 4326 assignatis
1711 4229 1774 4306 sex

444 4346 576 4423 solidos
600 4355 640 4418 et
656 4345 716 4438 viij
743 4343 907 4416 denarios
930 4341 1118 4416 annuatim
1149 4381 1159 4401 ·
1186 4335 1196 4398 ἑ
1224 4383 1235 4402 ·
1273 4338 1320 4412 In
1340 4344 1440 4414 cuius
1453 4343 1502 4416 rei
1528 4339 1773 4417 testimonium

442 4457 599 4558 sigillum
624 4479 747 4530 meum
777 4451 933 4549 presenti
960 4466 1060 4528 carte
1090 4475 1172 4528 mee
1200 4449 1348 4548 apposui
1374 4465 1412 4526 et
1435 4464 1577 4549 propter
1599 4456 1773 4530 maiorem
