4564 5968
353 745 356 751 ’
475 781 577 877 κη]
950 781 1357 858 anunnounusn.
1468 785 1471 791 ·
1557 799 1563 822 ⁴
1758 794 1827 860 au

794 1097 1099 1172 Auurunnsanra
1124 1117 1264 1170 nauare
1282 1096 1501 1167 Faunorum
1520 1135 1529 1152 ·

522 1319 561 1394 N
563 1345 633 1395 ono
661 1319 850 1418 Februarij
887 1318 1170 1394 anniuersarium
1204 1341 1268 1411 pro
1304 1319 1426 1391 anima
1459 1313 1620 1414 magistri
1645 1317 1824 1392 Johannia

471 1431 641 1508 Flescher
676 1436 765 1508 olim
806 1429 1012 1525 cancellari]
1053 1424 1313 1501 Abirdonenlis
1346 1453 1398 1501 xx
1431 1431 1462 1504 ἓ.
1498 1432 1560 1524 qui
1600 1430 1693 1527 obijt
1727 1456 1823 1505 anno

470 1544 619 1620 Domini
632 1565 819 1621 ramxxn.
833 1545 880 1616 de
897 1553 995 1614 terra
1005 1541 1187 1634 quondam
1197 1537 1401 1614 Alexandri
1413 1539 1535 1614 Rocht
1547 1566 1645 1615 nunc
1659 1545 1697 1615 in
1709 1547 1823 1617 mani·

468 1659 536 1733 bue
552 1657 759 1732 Alexandri
777 1651 906 1730 Freser
920 1653 1085 1725 tinstoris
1102 1689 1111 1708 ·
1130 1652 1273 1723 iacente
1291 1653 1328 1724 in
1346 1651 1385 1745 ly
1399 1675 1513 1748 greyn
1531 1653 1795 1728 Abirdonenli·

518 1880 707 1980 Vigefimo
748 1878 855 1953 sexto
889 1874 1075 1972 Februarij
1111 1874 1394 1950 anniuersarium
1427 1900 1493 1973 pro
1526 1879 1649 1952 anima
1683 1883 1820 1954 domini

465 1996 604 2069 Thome
633 1989 746 2064 Traill
773 2012 827 2062 xx
852 1990 882 2062 ἔ.
915 1987 960 2060 de
983 1991 1093 2061 certis
1119 1991 1223 2061 terris
1249 1989 1342 2063 infra
1369 1991 1542 2085 oppidum
1567 1991 1819 2068 Abirdonense

465 2115 573 2203 prout
589 2106 628 2178 iu
644 2103 757 2176 cartis
783 2099 938 2196 desuper
962 2102 1135 2174 confedtis
1152 2102 1199 2174 ad
1216 2100 1364 2198 longum
1390 2104 1626 2176 continetur·
1646 2105 1818 2180 videlicet

463 2221 512 2292 de
528 2229 626 2292 terra
642 2214 731 2287 olim
755 2213 912 2288 Roberti
938 2211 1058 2308 Pypar
1077 2223 1175 2287 nunc
1198 2212 1402 2288 Alexandri
1427 2213 1635 2289 Ronaldson
1657 2215 1818 2291 suorum·

464 2353 535 2425 que
562 2327 738 2402 heredum
760 2327 845 2424 vj'a'.
873 2322 934 2422 viij
953 2323 992 2399 d.
1009 2326 1056 2399 de
1072 2337 1170 2400 terra
1196 2325 1346 2400 Henrici
1363 2323 1561 2400 Merschall
1586 2329 1621 2423 vj
1647 2333 1677 2403 ἔ.
1694 2331 1756 2425 viij
1781 2328 1816 2404 d.

464 2443 516 2516 Et
533 2443 580 2514 de
596 2439 714 2513 crofto
733 2437 894 2512 Walteri
912 2433 1042 2534 Lellye
1061 2447 1238 2534 occupato
1255 2461 1322 2534 per
1342 2439 1596 2513 Alexandrum
1615 2441 1716 2538 Cayu
1733 2446 1767 2538 vj
1786 2445 1814 2514 ἔ.

464 2557 524 2658 viij
541 2553 579 2628 d.
623 2551 896 2627 Summani.

814 2882 1119 2958 Auurunaeanra
1136 2904 1273 2957 unuara
1290 2882 1443 2958 Mannrr
1461 2925 1470 2944 ·

505 3111 670 3206 Septimo
695 3109 825 3208 Martij
844 3109 1128 3184 anniuersarium
1145 3133 1210 3206 pro
1228 3110 1417 3183 animabus
1435 3109 1615 3187 Willelmi
1634 3117 1814 3214 Gallouay

460 3238 500 3298 ct
518 3223 693 3296 Mariorie
712 3221 913 3295 Mortirnar
929 3221 999 3327 'sue
1024 3220 1149 3319 sponse
1176 3222 1288 3317 patria
1305 3232 1345 3294 et
1361 3225 1488 3296 matria
1505 3230 1722 3303 venerabilia
1744 3233 1811 3305 viri

460 3332 620 3432 magistri
655 3333 861 3407 Alexandri
887 3333 1068 3428 Gallouay
1094 3334 1242 3407 restorie
1271 3356 1294 3407 a
1320 3332 1476 3408 Kinkell
1502 3361 1553 3410 xx

459 3451 504 3522 ad
522 3447 665 3520 obitum
691 3441 803 3541 ipsine
828 3443 989 3542 magistri
1016 3446 1219 3520 Alexandri
1237 3457 1277 3518 vt
1292 3447 1332 3518 in
1349 3455 1692 3527 commemoratione
1709 3453 1812 3531 mille

459 3560 670 3656 quotidiano
700 3580 767 3653 per
796 3558 954 3632 eundem
984 3559 1135 3631 lundata
1175 3557 1385 3632 continetur
1418 3601 1428 3619 ·
1459 3559 1506 3633 de
1543 3564 1668 3637 crustis
1697 3566 1811 3640 dido·

458 3697 540 3746 rum
558 3673 775 3744 vicariorum
798 3671 938 3744 vocatis
954 3669 1084 3766 Grynia
1108 3671 1234 3743 crustis
1260 3669 1299 3741 in
1318 3667 1437 3766 Futye
1454 3673 1656 3749 iacentibus
1681 3715 1690 3734 ·
1710 3701 1808 3753 nunc

460 3785 613 3859 Dauidia
630 3782 760 3879 Quhyt
776 3784 816 3856 in
834 3782 1064 3856 lauditirma·

508 4009 664 4082 Decimo
682 4005 813 4104 Martij
833 4003 1117 4080 anniuersarium
1134 4028 1200 4100 pro
1216 4006 1337 4078 anima
1353 4006 1513 4104 magistri
1527 4009 1678 4086 Henrici
1697 4013 1805 4110 Rynd

457 4123 545 4195 olim
562 4117 775 4216 thesaurarij
795 4112 1066 4192 Aberdonenlls
1092 4154 1102 4176 ·
1130 4116 1182 4211 liij
1206 4119 1235 4191 i.
1257 4116 1307 4214 iiij
1334 4116 1372 4191 d.
1412 4119 1470 4194 De
1487 4123 1612 4196 croftis
1629 4126 1805 4201 didtorum

458 4233 673 4308 vicariorum
703 4231 870 4304 nuncin
898 4230 1066 4304 manibus
1090 4226 1252 4326 magistri
1276 4229 1455 4306 Johannir
1489 4233 1687 4310 Gordoune
1722 4238 1807 4313 bur·

455 4341 576 4444 geniia
600 4340 867 4417 Abirdonenlia
892 4383 902 4403 ·
920 4343 1123 4416 iacentibus
1139 4342 1234 4438 apud
1260 4343 1385 4417 domoc
1402 4342 1621 4441 leprosorum
1638 4371 1686 4422 ex
1701 4363 1806 4446 parte

456 4455 625 4532 orientali
641 4494 652 4514 ·
670 4454 734 4549 qui
751 4452 846 4551 obijt
862 4478 960 4528 anno
978 4453 1126 4528 Domini
1147 4475 1387 4529 mccccnxx.

508 4567 672 4671 [Eodem
690 4567 752 4640 die
768 4565 1016 4641 celebrabitur
1031 4563 1312 4641 anniuersarium
1331 4568 1521 4643 reuerendi
1543 4573 1656 4665 patrie
1672 4573 1808 4651 Gauini

456 4679 614 4781 episcopi
639 4674 905 4756 Abirdonenlia
934 4680 1127 4754 fundatum
1159 4699 1223 4774 per
1250 4680 1408 4755 eundem
1434 4692 1475 4755 et
1499 4679 1635 4757 solueu’
1658 4683 1807 4785 singulis
