<?xml version="1.0" encoding="UTF-8"?>
<!DOCTYPE html PUBLIC "-//W3C//DTD XHTML 1.0 Transitional//EN"
    "http://www.w3.org/TR/xhtml1/DTD/xhtml1-transitional.dtd">
<html xmlns="http://www.w3.org/1999/xhtml" xml:lang="en" lang="en">
 <head>
  <title>
</title>
<meta http-equiv="Content-Type" content="text/html;charset=utf-8" />
  <meta name='ocr-system' content='tesseract 3.04.00' />
  <meta name='ocr-capabilities' content='ocr_page ocr_carea ocr_par ocr_line ocrx_word'/>
</head>
<body>
  <div class='ocr_page' id='page_1' title='image "./registrumepisco00innegoog_0235.png"; bbox 0 0 4564 5968; ppageno 0'>
   <div class='ocr_carea' id='block_1_1' title="bbox 465 666 1806 771">
    <p class='ocr_par' dir='ltr' id='par_1_1' title="bbox 465 666 1806 771">
     <span class='ocr_line' id='line_1_1' title="bbox 465 666 1806 771; baseline 0.01 -39"><span class='ocrx_word' id='word_1_1' title='bbox 465 670 533 740; x_wconf 82' lang='lat'><strong>170</strong></span> <span class='ocrx_word' id='word_1_2' title='bbox 981 666 1287 742; x_wconf 77' lang='lat' dir='ltr'><strong>REGISTRUM</strong></span> <span class='ocrx_word' id='word_1_3' title='bbox 1654 676 1806 771; x_wconf 80' lang='lat' dir='ltr'><strong>[sucum</strong></span> 
     </span>
    </p>
   </div>
   <div class='ocr_carea' id='block_1_2' title="bbox 457 868 1807 2076">
    <p class='ocr_par' dir='ltr' id='par_1_2' title="bbox 457 868 1807 2076">
     <span class='ocr_line' id='line_1_2' title="bbox 465 868 1807 963; baseline 0.011 -30"><span class='ocrx_word' id='word_1_4' title='bbox 465 875 542 937; x_wconf 83' lang='lat' dir='ltr'><strong>tute</strong></span> <span class='ocrx_word' id='word_1_5' title='bbox 566 868 735 961; x_wconf 87' lang='lat' dir='ltr'><strong>ponderis</strong></span> <span class='ocrx_word' id='word_1_6' title='bbox 761 878 908 941; x_wconf 91' lang='lat' dir='ltr'><strong>centum</strong></span> <span class='ocrx_word' id='word_1_7' title='bbox 935 868 1064 961; x_wconf 78' lang='lat' dir='ltr'><strong>viginti</strong></span> <span class='ocrx_word' id='word_1_8' title='bbox 1082 885 1275 938; x_wconf 80' lang='lat' dir='ltr'><strong>vnceorum</strong></span> <span class='ocrx_word' id='word_1_9' title='bbox 1302 871 1441 963; x_wconf 77' lang='lat' dir='ltr'><strong>argenti</strong></span> <span class='ocrx_word' id='word_1_10' title='bbox 1473 893 1557 942; x_wconf 86' lang='lat' dir='ltr'><strong>cum</strong></span> <span class='ocrx_word' id='word_1_11' title='bbox 1584 875 1719 946; x_wconf 76' lang='lat' dir='ltr'><strong>maiore</strong></span> <span class='ocrx_word' id='word_1_12' title='bbox 1737 876 1807 947; x_wconf 22' lang='lat' dir='ltr'><strong>rdo-</strong></span> 
     </span>
     <span class='ocr_line' id='line_1_3' title="bbox 463 978 1806 1077; baseline 0.01 -32"><span class='ocrx_word' id='word_1_13' title='bbox 463 989 549 1050; x_wconf 80' lang='lat' dir='ltr'><strong>noto</strong></span> <span class='ocrx_word' id='word_1_14' title='bbox 573 1002 638 1074; x_wconf 88' lang='lat' dir='ltr'><strong>per</strong></span> <span class='ocrx_word' id='word_1_15' title='bbox 664 980 907 1052; x_wconf 76' lang='lat' dir='ltr'><strong>venerabilem</strong></span> <span class='ocrx_word' id='word_1_16' title='bbox 938 989 978 1050; x_wconf 86' lang='lat' dir='ltr'><strong>et</strong></span> <span class='ocrx_word' id='word_1_17' title='bbox 1006 980 1193 1074; x_wconf 80' lang='lat' dir='ltr'><strong>egregium</strong></span> <span class='ocrx_word' id='word_1_18' title='bbox 1228 981 1344 1052; x_wconf 83' lang='lat' dir='ltr'><strong>virum</strong></span> <span class='ocrx_word' id='word_1_19' title='bbox 1378 978 1588 1077; x_wconf 78' lang='lat' dir='ltr'><strong>magistrum</strong></span> <span class='ocrx_word' id='word_1_20' title='bbox 1620 987 1806 1058; x_wconf 74' lang='lat' dir='ltr'><strong>Andream</strong></span> 
     </span>
     <span class='ocr_line' id='line_1_4' title="bbox 463 1085 1806 1193; baseline 0.007 -35"><span class='ocrx_word' id='word_1_21' title='bbox 463 1085 569 1182; x_wconf 84' lang='lat' dir='ltr'><strong>Lyell</strong></span> <span class='ocrx_word' id='word_1_22' title='bbox 603 1091 862 1165; x_wconf 77' lang='lat' dir='ltr'><strong>thesaurarium</strong></span> <span class='ocrx_word' id='word_1_23' title='bbox 896 1087 1188 1164; x_wconf 86' lang='lat' dir='ltr'><strong>Abirdonensem</strong></span> <span class='ocrx_word' id='word_1_24' title='bbox 1222 1115 1288 1186; x_wconf 84' lang='lat' dir='ltr'><strong>per</strong></span> <span class='ocrx_word' id='word_1_25' title='bbox 1321 1093 1478 1166; x_wconf 89' lang='lat' dir='ltr'><strong>eundem</strong></span> <span class='ocrx_word' id='word_1_26' title='bbox 1513 1093 1638 1168; x_wconf 79' lang='lat' dir='ltr'><strong>obluta</strong></span> <span class='ocrx_word' id='word_1_27' title='bbox 1675 1119 1806 1193; x_wconf 80' lang='lat' dir='ltr'><strong>magno</strong></span> 
     </span>
     <span class='ocr_line' id='line_1_5' title="bbox 462 1198 1804 1300; baseline 0.003 -28"><span class='ocrx_word' id='word_1_28' title='bbox 462 1199 567 1274; x_wconf 81' lang='lat' dir='ltr'><strong>ultori</strong></span> <span class='ocrx_word' id='word_1_29' title='bbox 606 1205 643 1275; x_wconf 92' lang='lat' dir='ltr'><strong>in</strong></span> <span class='ocrx_word' id='word_1_30' title='bbox 678 1204 738 1274; x_wconf 85' lang='lat' dir='ltr'><strong>die</strong></span> <span class='ocrx_word' id='word_1_31' title='bbox 780 1198 994 1272; x_wconf 78' lang='lat' dir='ltr'><strong>vifitotionis</strong></span> <span class='ocrx_word' id='word_1_32' title='bbox 1036 1201 1145 1274; x_wconf 77' lang='lat' dir='ltr'><strong>beate</strong></span> <span class='ocrx_word' id='word_1_33' title='bbox 1175 1202 1294 1278; x_wconf 81' lang='lat' dir='ltr'><strong>Morio</strong></span> <span class='ocrx_word' id='word_1_34' title='bbox 1337 1205 1487 1300; x_wconf 80' lang='lat' dir='ltr'><strong>virginis</strong></span> <span class='ocrx_word' id='word_1_35' title='bbox 1522 1227 1618 1277; x_wconf 84' lang='lat' dir='ltr'><strong>nuno</strong></span> <span class='ocrx_word' id='word_1_36' title='bbox 1658 1205 1804 1278; x_wconf 89' lang='lat' dir='ltr'><strong>Domini</strong></span> 
     </span>
     <span class='ocr_line' id='line_1_6' title="bbox 462 1312 1805 1411; baseline 0.006 -29"><span class='ocrx_word' id='word_1_37' title='bbox 462 1331 707 1386; x_wconf 83' lang='lat' dir='ltr'><strong>u.cccc.xcrx</strong></span> <span class='ocrx_word' id='word_1_38' title='bbox 725 1354 734 1371; x_wconf 91' lang='lat'><strong>·</strong></span> <span class='ocrx_word' id='word_1_39' title='bbox 753 1312 804 1383; x_wconf 92' lang='lat' dir='ltr'><strong>Et</strong></span> <span class='ocrx_word' id='word_1_40' title='bbox 820 1312 954 1382; x_wconf 87' lang='lat' dir='ltr'><strong>ibidem</strong></span> <span class='ocrx_word' id='word_1_41' title='bbox 980 1316 1202 1388; x_wconf 83' lang='lat' dir='ltr'><strong>reuerendus</strong></span> <span class='ocrx_word' id='word_1_42' title='bbox 1225 1318 1263 1388; x_wconf 93' lang='lat' dir='ltr'><strong>in</strong></span> <span class='ocrx_word' id='word_1_43' title='bbox 1282 1314 1423 1390; x_wconf 83' lang='lat' dir='ltr'><strong>Christo</strong></span> <span class='ocrx_word' id='word_1_44' title='bbox 1440 1327 1545 1411; x_wconf 83' lang='lat' dir='ltr'><strong>poter</strong></span> <span class='ocrx_word' id='word_1_45' title='bbox 1573 1326 1614 1389; x_wconf 87' lang='lat' dir='ltr'><strong>et</strong></span> <span class='ocrx_word' id='word_1_46' title='bbox 1639 1317 1805 1390; x_wconf 89' lang='lat' dir='ltr'><strong>dominus</strong></span> 
     </span>
     <span class='ocr_line' id='line_1_7' title="bbox 461 1420 1805 1522; baseline 0.005 -29"><span class='ocrx_word' id='word_1_47' title='bbox 461 1422 627 1496; x_wconf 89' lang='lat' dir='ltr'><strong>dominus</strong></span> <span class='ocrx_word' id='word_1_48' title='bbox 645 1423 852 1498; x_wconf 84' lang='lat' dir='ltr'><strong>Guilelmus</strong></span> <span class='ocrx_word' id='word_1_49' title='bbox 869 1420 1055 1520; x_wconf 85' lang='lat' dir='ltr'><strong>episcopus</strong></span> <span class='ocrx_word' id='word_1_50' title='bbox 1072 1426 1333 1501; x_wconf 84' lang='lat' dir='ltr'><strong>Abirdonensrs</strong></span> <span class='ocrx_word' id='word_1_51' title='bbox 1350 1428 1533 1500; x_wconf 82' lang='lat' dir='ltr'><strong>ordinauit</strong></span> <span class='ocrx_word' id='word_1_52' title='bbox 1559 1428 1690 1500; x_wconf 70' lang='lat' dir='ltr'><strong>diuam</strong></span> <span class='ocrx_word' id='word_1_53' title='bbox 1707 1449 1805 1522; x_wconf 80' lang='lat' dir='ltr'><strong>ymo-</strong></span> 
     </span>
     <span class='ocr_line' id='line_1_8' title="bbox 460 1531 1803 1629; baseline 0.004 -24"><span class='ocrx_word' id='word_1_54' title='bbox 460 1536 582 1629; x_wconf 89' lang='lat' dir='ltr'><strong>ginem</strong></span> <span class='ocrx_word' id='word_1_55' title='bbox 617 1531 814 1608; x_wconf 85' lang='lat' dir='ltr'><strong>honorifice</strong></span> <span class='ocrx_word' id='word_1_56' title='bbox 848 1533 978 1608; x_wconf 82' lang='lat' dir='ltr'><strong>deferri</strong></span> <span class='ocrx_word' id='word_1_57' title='bbox 1012 1539 1110 1611; x_wconf 78' lang='lat' dir='ltr'><strong>circo</strong></span> <span class='ocrx_word' id='word_1_58' title='bbox 1142 1537 1330 1612; x_wconf 80' lang='lat' dir='ltr'><strong>ecclesium</strong></span> <span class='ocrx_word' id='word_1_59' title='bbox 1360 1537 1606 1613; x_wconf 82' lang='lat' dir='ltr'><strong>cothedrulem</strong></span> <span class='ocrx_word' id='word_1_60' title='bbox 1635 1535 1803 1610; x_wconf 89' lang='lat' dir='ltr'><strong>Aberdo-</strong></span> 
     </span>
     <span class='ocr_line' id='line_1_9' title="bbox 460 1641 1802 1748; baseline 0.004 -32"><span class='ocrx_word' id='word_1_61' title='bbox 460 1643 607 1720; x_wconf 85' lang='lat' dir='ltr'><strong>oensem</strong></span> <span class='ocrx_word' id='word_1_62' title='bbox 640 1641 788 1741; x_wconf 77' lang='lat' dir='ltr'><strong>singulis</strong></span> <span class='ocrx_word' id='word_1_63' title='bbox 820 1643 1041 1721; x_wconf 80' lang='lat' dir='ltr'><strong>solemnibus</strong></span> <span class='ocrx_word' id='word_1_64' title='bbox 1067 1648 1168 1724; x_wconf 83' lang='lat' dir='ltr'><strong>festis</strong></span> <span class='ocrx_word' id='word_1_65' title='bbox 1203 1649 1353 1748; x_wconf 80' lang='lat' dir='ltr'><strong>gloriose</strong></span> <span class='ocrx_word' id='word_1_66' title='bbox 1379 1651 1527 1747; x_wconf 83' lang='lat' dir='ltr'><strong>virginis</strong></span> <span class='ocrx_word' id='word_1_67' title='bbox 1544 1693 1553 1708; x_wconf 93' lang='lat'><strong>·</strong></span> <span class='ocrx_word' id='word_1_68' title='bbox 1572 1661 1612 1722; x_wconf 87' lang='lat' dir='ltr'><strong>et</strong></span> <span class='ocrx_word' id='word_1_69' title='bbox 1636 1651 1802 1722; x_wconf 90' lang='lat' dir='ltr'><strong>omnibus</strong></span> 
     </span>
     <span class='ocr_line' id='line_1_10' title="bbox 459 1756 1803 1852; baseline 0.001 -22"><span class='ocrx_word' id='word_1_70' title='bbox 459 1757 739 1850; x_wconf 87' lang='lat' dir='ltr'><strong>procedentibus</strong></span> <span class='ocrx_word' id='word_1_71' title='bbox 765 1759 802 1829; x_wconf 96' lang='lat' dir='ltr'><strong>in</strong></span> <span class='ocrx_word' id='word_1_72' title='bbox 820 1756 1039 1852; x_wconf 82' lang='lat' dir='ltr'><strong>procslsrone</strong></span> <span class='ocrx_word' id='word_1_73' title='bbox 1066 1763 1171 1834; x_wconf 75' lang='lat' dir='ltr'><strong>dietis</strong></span> <span class='ocrx_word' id='word_1_74' title='bbox 1189 1762 1316 1836; x_wconf 85' lang='lat' dir='ltr'><strong>diebus</strong></span> <span class='ocrx_word' id='word_1_75' title='bbox 1332 1760 1394 1836; x_wconf 87' lang='lat' dir='ltr'><strong>ssu</strong></span> <span class='ocrx_word' id='word_1_76' title='bbox 1412 1761 1566 1836; x_wconf 84' lang='lat' dir='ltr'><strong>eundem</strong></span> <span class='ocrx_word' id='word_1_77' title='bbox 1592 1761 1727 1834; x_wconf 87' lang='lat' dir='ltr'><strong>deuote</strong></span> <span class='ocrx_word' id='word_1_78' title='bbox 1751 1761 1803 1832; x_wconf 83' lang='lat' dir='ltr'><strong>se·</strong></span> 
     </span>
     <span class='ocr_line' id='line_1_11' title="bbox 459 1864 1803 1970; baseline 0.004 -32"><span class='ocrx_word' id='word_1_79' title='bbox 459 1869 655 1962; x_wconf 85' lang='lat' dir='ltr'><strong>quentibus</strong></span> <span class='ocrx_word' id='word_1_80' title='bbox 681 1864 828 1964; x_wconf 77' lang='lat' dir='ltr'><strong>sungulis</strong></span> <span class='ocrx_word' id='word_1_81' title='bbox 858 1870 985 1943; x_wconf 89' lang='lat' dir='ltr'><strong>diebus</strong></span> <span class='ocrx_word' id='word_1_82' title='bbox 1018 1869 1224 1967; x_wconf 88' lang='lat' dir='ltr'><strong>prescriptis</strong></span> <span class='ocrx_word' id='word_1_83' title='bbox 1249 1874 1487 1970; x_wconf 75' lang='lat' dir='ltr'><strong>quodraginta</strong></span> <span class='ocrx_word' id='word_1_84' title='bbox 1509 1875 1587 1948; x_wconf 87' lang='lat' dir='ltr'><strong>dies</strong></span> <span class='ocrx_word' id='word_1_85' title='bbox 1613 1871 1803 1969; x_wconf 85' lang='lat' dir='ltr'><strong>indulgen-</strong></span> 
     </span>
     <span class='ocr_line' id='line_1_12' title="bbox 457 1983 1236 2076; baseline 0.006 -25"><span class='ocrx_word' id='word_1_86' title='bbox 457 1983 592 2052; x_wconf 85' lang='lat' dir='ltr'><strong>eiurum</strong></span> <span class='ocrx_word' id='word_1_87' title='bbox 610 1983 797 2074; x_wconf 87' lang='lat' dir='ltr'><strong>perpetuis</strong></span> <span class='ocrx_word' id='word_1_88' title='bbox 813 1983 1037 2076; x_wconf 81' lang='lat' dir='ltr'><strong>temporibus</strong></span> <span class='ocrx_word' id='word_1_89' title='bbox 1050 1984 1210 2056; x_wconf 80' lang='lat' dir='ltr'><strong>duretur&#39;</strong></span> <span class='ocrx_word' id='word_1_90' title='bbox 1228 2025 1236 2042; x_wconf 92' lang='lat'><strong>·</strong></span> 
     </span>
    </p>
   </div>
   <div class='ocr_carea' id='block_1_3' title="bbox 455 2309 1798 2744">
    <p class='ocr_par' dir='ltr' id='par_1_3' title="bbox 455 2309 1798 2744">
     <span class='ocr_line' id='line_1_13' title="bbox 460 2309 1798 2410; baseline 0 -23"><span class='ocrx_word' id='word_1_91' title='bbox 460 2317 553 2389; x_wconf 85' lang='lat' dir='ltr'><strong>Item</strong></span> <span class='ocrx_word' id='word_1_92' title='bbox 572 2316 730 2387; x_wconf 83' lang='lat' dir='ltr'><strong>decanus</strong></span> <span class='ocrx_word' id='word_1_93' title='bbox 756 2313 938 2385; x_wconf 75' lang='lat' dir='ltr'><strong>fatebatur</strong></span> <span class='ocrx_word' id='word_1_94' title='bbox 954 2311 990 2385; x_wconf 87' lang='lat' dir='ltr'><strong>se</strong></span> <span class='ocrx_word' id='word_1_95' title='bbox 1018 2309 1175 2386; x_wconf 87' lang='lat' dir='ltr'><strong>lrobuilse</strong></span> <span class='ocrx_word' id='word_1_96' title='bbox 1191 2314 1366 2386; x_wconf 83' lang='lat' dir='ltr'><strong>onnulunr</strong></span> <span class='ocrx_word' id='word_1_97' title='bbox 1394 2338 1543 2388; x_wconf 80' lang='lat' dir='ltr'><strong>aureum</strong></span> <span class='ocrx_word' id='word_1_98' title='bbox 1562 2317 1608 2388; x_wconf 85' lang='lat' dir='ltr'><strong>de</strong></span> <span class='ocrx_word' id='word_1_99' title='bbox 1619 2316 1798 2410; x_wconf 73' lang='lat' dir='ltr'><strong>jocalibus</strong></span> 
     </span>
     <span class='ocr_line' id='line_1_14' title="bbox 455 2425 1797 2524; baseline -0.001 -23"><span class='ocrx_word' id='word_1_100' title='bbox 455 2426 605 2522; x_wconf 76' lang='lat' dir='ltr'><strong>capituli</strong></span> <span class='ocrx_word' id='word_1_101' title='bbox 630 2447 716 2499; x_wconf 87' lang='lat' dir='ltr'><strong>cunr</strong></span> <span class='ocrx_word' id='word_1_102' title='bbox 735 2425 854 2519; x_wconf 83' lang='lat' dir='ltr'><strong>lapide</strong></span> <span class='ocrx_word' id='word_1_103' title='bbox 871 2439 910 2498; x_wconf 88' lang='lat' dir='ltr'><strong>et</strong></span> <span class='ocrx_word' id='word_1_104' title='bbox 934 2426 1180 2520; x_wconf 79' lang='lat' dir='ltr'><strong>pereundum</strong></span> <span class='ocrx_word' id='word_1_105' title='bbox 1205 2427 1389 2521; x_wconf 85' lang='lat' dir='ltr'><strong>perditum</strong></span> <span class='ocrx_word' id='word_1_106' title='bbox 1414 2449 1524 2522; x_wconf 88' lang='lat' dir='ltr'><strong>quem</strong></span> <span class='ocrx_word' id='word_1_107' title='bbox 1550 2427 1736 2524; x_wconf 71' lang='lat' dir='ltr'><strong>obligabat</strong></span> <span class='ocrx_word' id='word_1_108' title='bbox 1761 2427 1797 2500; x_wconf 76' lang='lat' dir='ltr'><strong>ie</strong></span> 
     </span>
     <span class='ocr_line' id='line_1_15' title="bbox 456 2533 1797 2632; baseline -0.001 -20"><span class='ocrx_word' id='word_1_109' title='bbox 456 2534 646 2612; x_wconf 87' lang='lat' dir='ltr'><strong>restituere</strong></span> <span class='ocrx_word' id='word_1_110' title='bbox 658 2533 722 2608; x_wconf 88' lang='lat' dir='ltr'><strong>seu</strong></span> <span class='ocrx_word' id='word_1_111' title='bbox 735 2537 813 2608; x_wconf 91' lang='lat' dir='ltr'><strong>eius</strong></span> <span class='ocrx_word' id='word_1_112' title='bbox 823 2559 949 2608; x_wconf 80' lang='lat' dir='ltr'><strong>verum</strong></span> <span class='ocrx_word' id='word_1_113' title='bbox 962 2536 1120 2610; x_wconf 76' lang='lat' dir='ltr'><strong>valorem</strong></span> <span class='ocrx_word' id='word_1_114' title='bbox 1135 2560 1199 2632; x_wconf 89' lang='lat' dir='ltr'><strong>per</strong></span> <span class='ocrx_word' id='word_1_115' title='bbox 1210 2534 1479 2611; x_wconf 81' lang='lat' dir='ltr'><strong>estimceionem</strong></span> <span class='ocrx_word' id='word_1_116' title='bbox 1492 2539 1630 2610; x_wconf 89' lang='lat' dir='ltr'><strong>domiui</strong></span> <span class='ocrx_word' id='word_1_117' title='bbox 1643 2535 1797 2632; x_wconf 85' lang='lat' dir='ltr'><strong>episcopi</strong></span> 
     </span>
     <span class='ocr_line' id='line_1_16' title="bbox 455 2644 1472 2744; baseline -0.003 -21"><span class='ocrx_word' id='word_1_118' title='bbox 455 2665 494 2723; x_wconf 87' lang='lat' dir='ltr'><strong>et</strong></span> <span class='ocrx_word' id='word_1_119' title='bbox 507 2647 655 2743; x_wconf 79' lang='lat' dir='ltr'><strong>capituli</strong></span> <span class='ocrx_word' id='word_1_120' title='bbox 675 2644 871 2720; x_wconf 87' lang='lat' dir='ltr'><strong>secundum</strong></span> <span class='ocrx_word' id='word_1_121' title='bbox 890 2649 967 2720; x_wconf 89' lang='lat' dir='ltr'><strong>eius</strong></span> <span class='ocrx_word' id='word_1_122' title='bbox 985 2650 1211 2744; x_wconf 78' lang='lat' dir='ltr'><strong>exigencisrn</strong></span> <span class='ocrx_word' id='word_1_123' title='bbox 1230 2663 1269 2722; x_wconf 89' lang='lat' dir='ltr'><strong>et</strong></span> <span class='ocrx_word' id='word_1_124' title='bbox 1287 2650 1442 2722; x_wconf 71' lang='lat' dir='ltr'><strong>valorem</strong></span> <span class='ocrx_word' id='word_1_125' title='bbox 1463 2692 1472 2706; x_wconf 92' lang='lat'><strong>·</strong></span> 
     </span>
    </p>
   </div>
   <div class='ocr_carea' id='block_1_4' title="bbox 450 2973 1795 3519">
    <p class='ocr_par' dir='ltr' id='par_1_4' title="bbox 450 2973 1795 3519">
     <span class='ocr_line' id='line_1_17' title="bbox 456 2973 1795 3071; baseline -0.004 -17"><span class='ocrx_word' id='word_1_126' title='bbox 456 2981 626 3054; x_wconf 85' lang='lat' dir='ltr'><strong>Vilitotio</strong></span> <span class='ocrx_word' id='word_1_127' title='bbox 645 2977 821 3071; x_wconf 77' lang='lat' dir='ltr'><strong>jocalium</strong></span> <span class='ocrx_word' id='word_1_128' title='bbox 848 2975 997 3051; x_wconf 77' lang='lat' dir='ltr'><strong>ecclesie</strong></span> <span class='ocrx_word' id='word_1_129' title='bbox 1023 2979 1240 3052; x_wconf 70' lang='lat' dir='ltr'><strong>cathedralis</strong></span> <span class='ocrx_word' id='word_1_130' title='bbox 1259 2973 1528 3050; x_wconf 80' lang='lat' dir='ltr'><strong>Aberdonensrs</strong></span> <span class='ocrx_word' id='word_1_131' title='bbox 1547 2978 1641 3051; x_wconf 70' lang='lat' dir='ltr'><strong>saus</strong></span> <span class='ocrx_word' id='word_1_132' title='bbox 1658 2977 1719 3070; x_wconf 78' lang='lat' dir='ltr'><strong>xvj</strong></span> <span class='ocrx_word' id='word_1_133' title='bbox 1736 2977 1795 3047; x_wconf 86' lang='lat' dir='ltr'><strong>die</strong></span> 
     </span>
     <span class='ocr_line' id='line_1_18' title="bbox 454 3086 1793 3183; baseline -0.007 -15"><span class='ocrx_word' id='word_1_134' title='bbox 454 3089 584 3168; x_wconf 71' lang='lat' dir='ltr'><strong>sireniis</strong></span> <span class='ocrx_word' id='word_1_135' title='bbox 602 3089 735 3180; x_wconf 84' lang='lat' dir='ltr'><strong>Mureij</strong></span> <span class='ocrx_word' id='word_1_136' title='bbox 764 3110 859 3159; x_wconf 82' lang='lat' dir='ltr'><strong>anno</strong></span> <span class='ocrx_word' id='word_1_137' title='bbox 891 3086 1039 3162; x_wconf 91' lang='lat' dir='ltr'><strong>Domini</strong></span> <span class='ocrx_word' id='word_1_138' title='bbox 1070 3109 1326 3163; x_wconf 74' lang='lat' dir='ltr'><strong>mccccxorx.</strong></span> <span class='ocrx_word' id='word_1_139' title='bbox 1351 3091 1387 3160; x_wconf 94' lang='lat' dir='ltr'><strong>in</strong></span> <span class='ocrx_word' id='word_1_140' title='bbox 1419 3112 1492 3182; x_wconf 80' lang='lat' dir='ltr'><strong>quc</strong></span> <span class='ocrx_word' id='word_1_141' title='bbox 1519 3099 1664 3183; x_wconf 81' lang='lat' dir='ltr'><strong>reperto</strong></span> <span class='ocrx_word' id='word_1_142' title='bbox 1690 3103 1793 3161; x_wconf 81' lang='lat' dir='ltr'><strong>erunt</strong></span> 
     </span>
     <span class='ocr_line' id='line_1_19' title="bbox 452 3193 1792 3296; baseline -0.003 -20"><span class='ocrx_word' id='word_1_143' title='bbox 452 3209 573 3280; x_wconf 81' lang='lat' dir='ltr'><strong>omnic</strong></span> <span class='ocrx_word' id='word_1_144' title='bbox 599 3205 703 3274; x_wconf 81' lang='lat' dir='ltr'><strong>iuxto</strong></span> <span class='ocrx_word' id='word_1_145' title='bbox 722 3193 943 3272; x_wconf 80' lang='lat' dir='ltr'><strong>visitationes</strong></span> <span class='ocrx_word' id='word_1_146' title='bbox 972 3202 1109 3274; x_wconf 89' lang='lat' dir='ltr'><strong>domini</strong></span> <span class='ocrx_word' id='word_1_147' title='bbox 1134 3197 1242 3273; x_wconf 85' lang='lat' dir='ltr'><strong>nostri</strong></span> <span class='ocrx_word' id='word_1_148' title='bbox 1261 3200 1415 3296; x_wconf 83' lang='lat' dir='ltr'><strong>episcopi</strong></span> <span class='ocrx_word' id='word_1_149' title='bbox 1429 3199 1621 3274; x_wconf 85' lang='lat' dir='ltr'><strong>Guillelmi</strong></span> <span class='ocrx_word' id='word_1_150' title='bbox 1639 3211 1792 3296; x_wconf 85' lang='lat' dir='ltr'><strong>excepto</strong></span> 
     </span>
     <span class='ocr_line' id='line_1_20' title="bbox 450 3311 1792 3410; baseline -0.006 -17"><span class='ocrx_word' id='word_1_151' title='bbox 450 3316 585 3394; x_wconf 80' lang='lat' dir='ltr'><strong>crrnulo</strong></span> <span class='ocrx_word' id='word_1_152' title='bbox 597 3335 708 3388; x_wconf 82' lang='lat' dir='ltr'><strong>oureo</strong></span> <span class='ocrx_word' id='word_1_153' title='bbox 723 3313 932 3385; x_wconf 85' lang='lat' dir='ltr'><strong>immediate</strong></span> <span class='ocrx_word' id='word_1_154' title='bbox 940 3311 1177 3410; x_wconf 80' lang='lat' dir='ltr'><strong>suprascripto</strong></span> <span class='ocrx_word' id='word_1_155' title='bbox 1195 3355 1202 3370; x_wconf 93' lang='lat'><strong>·</strong></span> <span class='ocrx_word' id='word_1_156' title='bbox 1230 3312 1454 3408; x_wconf 86' lang='lat' dir='ltr'><strong>presentibus</strong></span> <span class='ocrx_word' id='word_1_157' title='bbox 1473 3311 1622 3386; x_wconf 82' lang='lat' dir='ltr'><strong>Deceno</strong></span> <span class='ocrx_word' id='word_1_158' title='bbox 1635 3313 1792 3386; x_wconf 80' lang='lat' dir='ltr'><strong>Centone</strong></span> 
     </span>
     <span class='ocr_line' id='line_1_21' title="bbox 450 3419 1576 3519; baseline -0.006 -15"><span class='ocrx_word' id='word_1_159' title='bbox 450 3428 683 3506; x_wconf 81' lang='lat' dir='ltr'><strong>&#39;l&#39;lresnurorio</strong></span> <span class='ocrx_word' id='word_1_160' title='bbox 701 3419 830 3518; x_wconf 60' lang='lat' dir='ltr'><strong>Oropus</strong></span> <span class='ocrx_word' id='word_1_161' title='bbox 846 3425 931 3497; x_wconf 81' lang='lat' dir='ltr'><strong>ctat</strong></span> <span class='ocrx_word' id='word_1_162' title='bbox 943 3423 1129 3498; x_wconf 86' lang='lat' dir='ltr'><strong>Abirdour</strong></span> <span class='ocrx_word' id='word_1_163' title='bbox 1145 3421 1339 3519; x_wconf 79' lang='lat' dir='ltr'><strong>Tulynellll</strong></span> <span class='ocrx_word' id='word_1_164' title='bbox 1358 3440 1396 3496; x_wconf 88' lang='lat' dir='ltr'><strong>et</strong></span> <span class='ocrx_word' id='word_1_165' title='bbox 1416 3423 1576 3497; x_wconf 85' lang='lat' dir='ltr'><strong>Forbes·</strong></span> 
     </span>
    </p>
   </div>
   <div class='ocr_carea' id='block_1_5' title="bbox 442 3758 1789 4534">
    <p class='ocr_par' dir='ltr' id='par_1_5' title="bbox 442 3758 1789 4534">
     <span class='ocr_line' id='line_1_22' title="bbox 450 3758 1789 3840; baseline -0.004 0"><span class='ocrx_word' id='word_1_166' title='bbox 450 3763 620 3840; x_wconf 79' lang='lat' dir='ltr'><strong>Visruttio</strong></span> <span class='ocrx_word' id='word_1_167' title='bbox 637 3761 659 3834; x_wconf 86' lang='lat' dir='ltr'>J</span> <span class='ocrx_word' id='word_1_168' title='bbox 664 3762 818 3835; x_wconf 82' lang='lat' dir='ltr'><strong>oculiunr</strong></span> <span class='ocrx_word' id='word_1_169' title='bbox 837 3758 986 3834; x_wconf 71' lang='lat' dir='ltr'><strong>ecclesie</strong></span> <span class='ocrx_word' id='word_1_170' title='bbox 1002 3762 1218 3836; x_wconf 74' lang='lat' dir='ltr'><strong>cathedralis</strong></span> <span class='ocrx_word' id='word_1_171' title='bbox 1232 3759 1499 3834; x_wconf 80' lang='lat' dir='ltr'><strong>Aberdonensrs</strong></span> <span class='ocrx_word' id='word_1_172' title='bbox 1516 3762 1611 3834; x_wconf 68' lang='lat' dir='ltr'><strong>sodo</strong></span> <span class='ocrx_word' id='word_1_173' title='bbox 1623 3785 1719 3834; x_wconf 91' lang='lat' dir='ltr'><strong>nouo</strong></span> <span class='ocrx_word' id='word_1_174' title='bbox 1731 3763 1789 3835; x_wconf 87' lang='lat' dir='ltr'><strong>die</strong></span> 
     </span>
     <span class='ocr_line' id='line_1_23' title="bbox 447 3872 1789 3968; baseline -0.004 -16"><span class='ocrx_word' id='word_1_175' title='bbox 447 3873 577 3952; x_wconf 72' lang='lat' dir='ltr'><strong>rurensis</strong></span> <span class='ocrx_word' id='word_1_176' title='bbox 615 3875 747 3968; x_wconf 80' lang='lat' dir='ltr'><strong>Murcij</strong></span> <span class='ocrx_word' id='word_1_177' title='bbox 776 3897 870 3948; x_wconf 78' lang='lat' dir='ltr'><strong>enno</strong></span> <span class='ocrx_word' id='word_1_178' title='bbox 901 3872 1048 3948; x_wconf 90' lang='lat' dir='ltr'><strong>Domini</strong></span> <span class='ocrx_word' id='word_1_179' title='bbox 1077 3895 1158 3947; x_wconf 76' lang='lat' dir='ltr'><strong>un.</strong></span> <span class='ocrx_word' id='word_1_180' title='bbox 1186 3876 1222 3946; x_wconf 95' lang='lat' dir='ltr'><strong>in</strong></span> <span class='ocrx_word' id='word_1_181' title='bbox 1250 3898 1321 3968; x_wconf 87' lang='lat' dir='ltr'><strong>quo</strong></span> <span class='ocrx_word' id='word_1_182' title='bbox 1348 3885 1492 3967; x_wconf 74' lang='lat' dir='ltr'><strong>repertu</strong></span> <span class='ocrx_word' id='word_1_183' title='bbox 1532 3886 1636 3946; x_wconf 78' lang='lat' dir='ltr'><strong>erant</strong></span> <span class='ocrx_word' id='word_1_184' title='bbox 1670 3877 1789 3946; x_wconf 85' lang='lat' dir='ltr'><strong>omnia</strong></span> 
     </span>
     <span class='ocr_line' id='line_1_24' title="bbox 446 3983 1787 4081; baseline -0.005 -17"><span class='ocrx_word' id='word_1_185' title='bbox 446 3997 549 4064; x_wconf 84' lang='lat' dir='ltr'><strong>iuxto</strong></span> <span class='ocrx_word' id='word_1_186' title='bbox 562 3983 806 4061; x_wconf 71' lang='lat' dir='ltr'><strong>visitacionem</strong></span> <span class='ocrx_word' id='word_1_187' title='bbox 822 3988 1030 4061; x_wconf 77' lang='lat' dir='ltr'><strong>irnnrcdiute</strong></span> <span class='ocrx_word' id='word_1_188' title='bbox 1043 3988 1296 4080; x_wconf 82' lang='lat' dir='ltr'><strong>precedentem</strong></span> <span class='ocrx_word' id='word_1_189' title='bbox 1311 4009 1393 4059; x_wconf 89' lang='lat' dir='ltr'><strong>curn</strong></span> <span class='ocrx_word' id='word_1_190' title='bbox 1408 4008 1540 4081; x_wconf 76' lang='lat' dir='ltr'><strong>mogun</strong></span> <span class='ocrx_word' id='word_1_191' title='bbox 1552 3985 1684 4058; x_wconf 87' lang='lat' dir='ltr'><strong>incude</strong></span> <span class='ocrx_word' id='word_1_192' title='bbox 1698 3987 1787 4058; x_wconf 80' lang='lat' dir='ltr'><strong>fubri</strong></span> 
     </span>
     <span class='ocr_line' id='line_1_25' title="bbox 443 4093 1785 4178; baseline -0.007 0"><span class='ocrx_word' id='word_1_193' title='bbox 443 4109 481 4178; x_wconf 93' lang='lat' dir='ltr'><strong>in</strong></span> <span class='ocrx_word' id='word_1_194' title='bbox 493 4100 660 4176; x_wconf 77' lang='lat' dir='ltr'><strong>menibus</strong></span> <span class='ocrx_word' id='word_1_195' title='bbox 673 4099 812 4172; x_wconf 87' lang='lat' dir='ltr'><strong>domini</strong></span> <span class='ocrx_word' id='word_1_196' title='bbox 826 4096 1006 4172; x_wconf 84' lang='lat' dir='ltr'><strong>Willelmi</strong></span> <span class='ocrx_word' id='word_1_197' title='bbox 1021 4098 1181 4174; x_wconf 79' lang='lat' dir='ltr'><strong>Rowmd</strong></span> <span class='ocrx_word' id='word_1_198' title='bbox 1198 4113 1236 4172; x_wconf 84' lang='lat' dir='ltr'><strong>vt</strong></span> <span class='ocrx_word' id='word_1_199' title='bbox 1251 4099 1386 4171; x_wconf 86' lang='lat' dir='ltr'><strong>sertur·</strong></span> <span class='ocrx_word' id='word_1_200' title='bbox 1407 4093 1640 4170; x_wconf 86' lang='lat' dir='ltr'><strong>Presentibus</strong></span> <span class='ocrx_word' id='word_1_201' title='bbox 1654 4095 1785 4170; x_wconf 85' lang='lat' dir='ltr'><strong>ibidem</strong></span> 
     </span>
     <span class='ocr_line' id='line_1_26' title="bbox 442 4203 1787 4308; baseline -0.005 -20"><span class='ocrx_word' id='word_1_202' title='bbox 442 4213 676 4288; x_wconf 77' lang='lat' dir='ltr'><strong>Tbesnurnrio</strong></span> <span class='ocrx_word' id='word_1_203' title='bbox 693 4209 800 4306; x_wconf 78' lang='lat' dir='ltr'><strong>Ovyn</strong></span> <span class='ocrx_word' id='word_1_204' title='bbox 820 4209 1010 4306; x_wconf 71' lang='lat' dir='ltr'><strong>erchory</strong></span> <span class='ocrx_word' id='word_1_205' title='bbox 1028 4210 1195 4308; x_wconf 79' lang='lat' dir='ltr'><strong>Lunnrey</strong></span> <span class='ocrx_word' id='word_1_206' title='bbox 1214 4211 1348 4284; x_wconf 86' lang='lat' dir='ltr'><strong>Forbes</strong></span> <span class='ocrx_word' id='word_1_207' title='bbox 1364 4203 1574 4305; x_wconf 80' lang='lat' dir='ltr'><strong>Tulynelllll</strong></span> <span class='ocrx_word' id='word_1_208' title='bbox 1593 4221 1632 4282; x_wconf 90' lang='lat' dir='ltr'><strong>et</strong></span> <span class='ocrx_word' id='word_1_209' title='bbox 1655 4207 1787 4304; x_wconf 75' lang='lat' dir='ltr'><strong>Mony-</strong></span> 
     </span>
     <span class='ocr_line' id='line_1_27' title="bbox 442 4321 1787 4419; baseline -0.006 -17"><span class='ocrx_word' id='word_1_210' title='bbox 442 4323 569 4402; x_wconf 88' lang='lat' dir='ltr'><strong>mvllr·</strong></span> <span class='ocrx_word' id='word_1_211' title='bbox 596 4321 646 4396; x_wconf 85' lang='lat' dir='ltr'><strong>Et</strong></span> <span class='ocrx_word' id='word_1_212' title='bbox 677 4333 832 4418; x_wconf 84' lang='lat' dir='ltr'><strong>excepto</strong></span> <span class='ocrx_word' id='word_1_213' title='bbox 860 4322 997 4396; x_wconf 74' lang='lat' dir='ltr'><strong>annulo</strong></span> <span class='ocrx_word' id='word_1_214' title='bbox 1012 4347 1122 4396; x_wconf 80' lang='lat' dir='ltr'><strong>nureo</strong></span> <span class='ocrx_word' id='word_1_215' title='bbox 1147 4329 1208 4419; x_wconf 91' lang='lat' dir='ltr'><strong>qui</strong></span> <span class='ocrx_word' id='word_1_216' title='bbox 1234 4324 1351 4398; x_wconf 77' lang='lat' dir='ltr'><strong>adbuc</strong></span> <span class='ocrx_word' id='word_1_217' title='bbox 1381 4337 1545 4396; x_wconf 71' lang='lat' dir='ltr'><strong>remanet</strong></span> <span class='ocrx_word' id='word_1_218' title='bbox 1559 4325 1594 4394; x_wconf 93' lang='lat' dir='ltr'><strong>in</strong></span> <span class='ocrx_word' id='word_1_219' title='bbox 1623 4322 1787 4396; x_wconf 80' lang='lat' dir='ltr'><strong>monibus</strong></span> 
     </span>
     <span class='ocr_line' id='line_1_28' title="bbox 443 4431 1784 4534; baseline -0.005 -23"><span class='ocrx_word' id='word_1_220' title='bbox 443 4433 599 4534; x_wconf 64' lang='lat' dir='ltr'><strong>rsrsgistri</strong></span> <span class='ocrx_word' id='word_1_221' title='bbox 634 4434 762 4508; x_wconf 79' lang='lat' dir='ltr'><strong>lucebi</strong></span> <span class='ocrx_word' id='word_1_222' title='bbox 792 4433 923 4506; x_wconf 80' lang='lat' dir='ltr'><strong>Brown</strong></span> <span class='ocrx_word' id='word_1_223' title='bbox 958 4435 1084 4508; x_wconf 82' lang='lat' dir='ltr'><strong>deceni</strong></span> <span class='ocrx_word' id='word_1_224' title='bbox 1115 4450 1153 4509; x_wconf 88' lang='lat' dir='ltr'><strong>et</strong></span> <span class='ocrx_word' id='word_1_225' title='bbox 1188 4436 1300 4512; x_wconf 83' lang='lat' dir='ltr'><strong>eolice</strong></span> <span class='ocrx_word' id='word_1_226' title='bbox 1340 4437 1376 4506; x_wconf 95' lang='lat' dir='ltr'><strong>in</strong></span> <span class='ocrx_word' id='word_1_227' title='bbox 1412 4434 1579 4507; x_wconf 74' lang='lat' dir='ltr'><strong>munibus</strong></span> <span class='ocrx_word' id='word_1_228' title='bbox 1608 4431 1784 4506; x_wconf 82' lang='lat' dir='ltr'><strong>Willelnri</strong></span> 
     </span>
    </p>
   </div>
   <div class='ocr_carea' id='block_1_6' title="bbox 0 0 2286 5968">
    <p class='ocr_par' dir='ltr' id='par_1_6' title="bbox 0 0 2286 5968">
     <span class='ocr_line' id='line_1_29' title="bbox 0 0 2286 5968; baseline 0 11"><span class='ocrx_word' id='word_1_229' title='bbox 0 0 2286 5968; x_wconf 95' lang='lat' dir='ltr'><strong> </strong></span> 
     </span>
    </p>
   </div>
  </div>
 </body>
</html>
