4526 5954
454 807 557 904 xva]
931 807 1335 889 ABERDONENSE.
1726 823 1796 892 931

453 1011 595 1081 oriente
625 1020 665 1082 et
695 1019 831 1087 terram
859 1014 1062 1088 Alexandri
1089 1012 1265 1087 Watsone
1300 1037 1345 1086 ex
1384 1013 1568 1084 occidente
1605 1018 1791 1087 aunuatim

452 1143 503 1190 xx
537 1121 567 1193 s.
624 1119 723 1196 Item
761 1127 935 1201 deterre
970 1127 1153 1220 quondam
1190 1123 1368 1196 Willelmi
1395 1123 1542 1194 Andree
1576 1123 1716 1196 iacente
1754 1129 1791 1197 in
1842 1181 1845 1188 .

452 1233 580 1304 eodem
603 1236 683 1308 vico
709 1239 807 1312 inter
832 1249 967 1313 terram
992 1233 1153 1332 magistri
1179 1232 1357 1305 Willelmi
1384 1231 1601 1306 Leuinstone
1627 1257 1671 1306 cx
1699 1239 1793 1308 occi-

449 1342 562 1418 dente
586 1357 626 1419 et
651 1358 786 1422 terram
810 1348 990 1422 Johannis
1012 1347 1150 1418 Kintor
1173 1367 1220 1416 ex
1246 1347 1384 1417 oriente
1405 1348 1468 1440 xiij
1494 1348 1522 1418 ἓ.
1541 1347 1592 1440 iiij
1618 1342 1653 1418 o.
1679 1357 1719 1417 et
1744 1349 1790 1420 de

450 1456 590 1530 duabus
607 1461 721 1532 terris·
731 1457 878 1532 insumul
891 1459 1093 1532 iacentibus
1106 1477 1154 1528 ex
1170 1455 1296 1527 boriali
1310 1465 1413 1549 parte
1430 1457 1474 1529 de
1491 1457 1526 1529 le
1539 1453 1789 1529 Hucsterrawe

449 1567 535 1640 dicti
551 1571 658 1668 burgi
674 1571 772 1643 inter
788 1579 924 1643 terram
941 1569 1123 1662 quondam
1148 1564 1308 1662 magistri
1331 1567 1505 1640 Johannis
1522 1569 1605 1641 Clat
1622 1593 1667 1641 ex
1684 1581 1788 1664 parte

448 1681 666 1755 occidentali
684 1693 724 1754 et
740 1693 875 1755 terram
899 1680 1021 1751 Dauid
1047 1678 1129 1751 Hill
1146 1689 1312 1773 exparte
1337 1680 1499 1754 orientali
1518 1680 1602 1775 xxvj
1622 1684 1651 1754 ἔ.
1669 1681 1729 1776 viij
1749 1681 1785 1754 d.

448 1791 546 1865 Item
559 1795 605 1867 de
616 1793 704 1866 villa
713 1794 759 1866 de
771 1790 985 1884 Esehintuly
996 1794 1034 1862 in
1045 1791 1175 1863 Durris
1187 1790 1250 1887 xiij
1265 1793 1294 1865 ἓ.
1307 1791 1357 1887 iiij
1372 1789 1407 1864 d.
1422 1803 1459 1865 et
1476 1791 1580 1864 soluti
1597 1797 1785 1866 annuatim

446 1928 512 1999 per
527 1904 736 1978 Johannem
753 1900 912 1975 Knowis
921 1904 959 1974 in
977 1901 1165 1975 Abirdene
1191 1945 1199 1962 ·
1218 1901 1314 1976 Item
1332 1904 1377 1976 de
1394 1902 1478 1976 villa
1493 1905 1538 1975 de
1556 1903 1784 1998 Balquhoran

447 2019 485 2088 in
502 2017 652 2090 baronia
674 2016 721 2088 de
748 2014 913 2087 Findone
931 2014 970 2086 xl
987 2015 1016 2086 ἔ.
1035 2012 1089 2086 set
1115 2014 1281 2088 dominus
1297 1997 1472 2088 dellane
1498 2014 1604 2088 soluit
1622 2019 1667 2089 de
1684 2029 1786 2090 tene-

445 2138 571 2201 mento
586 2125 650 2198 suo
668 2128 706 2198 in
729 2125 896 2200 Abirden
924 2125 1094 2200 videlicet
1119 2127 1155 2200 le
1173 2127 1313 2200 Rownd
1336 2127 1452 2200 Tabill
1475 2130 1659 2200 annuatim
1685 2153 1736 2202 xx
1755 2133 1783 2203 ἓ.

445 2239 543 2312 Item
559 2261 626 2332 per
642 2233 939 2332 compositionem
956 2263 1020 2333 pro
1038 2238 1146 2312 certis
1171 2239 1302 2313 debitis
1319 2242 1414 2312 inter
1438 2250 1647 2313 executores
1671 2264 1786 2334 quon-

445 2352 528 2424 dam
545 2346 706 2446 magistri
733 2350 924 2445 Laureuoij
944 2351 1039 2446 Pyot
1063 2361 1102 2422 et
1128 2349 1325 2447 Georgium
1351 2347 1466 2424 Lessie
1490 2353 1535 2423 de
1552 2351 1667 2436 Quhit
1684 2350 1794 2425 Coris

444 2461 518 2557 ipse
535 2461 717 2560 Georgius
735 2461 853 2536 Lollio
878 2474 1026 2537 tenetur
1043 2464 1128 2536 dare
1153 2473 1288 2536 cartam
1315 2460 1412 2536 suam
1429 2473 1468 2534 et
1484 2461 1633 2558 desuper
1656 2461 1785 2558 polles-

444 2572 581 2647 sronem
597 2597 641 2647 ac
657 2597 723 2670 pro
735 2577 800 2671 xiij
818 2578 850 2649 ἔ.
867 2577 919 2671 iiij
936 2573 973 2649 n.
990 2578 1037 2649 ad
1050 2575 1186 2647 dittum
1203 2573 1316 2646 altare
1328 2571 1439 2648 unes
1451 2573 1598 2646 Andree
1615 2574 1660 2647 de
1677 2579 1783 2649 terris

442 2686 514 2760 suis
543 2687 589 2760 de
607 2686 725 2773 Quhit
750 2685 845 2760 Oros
864 2688 921 2760 vel
940 2682 1218 2783 Glasgowsorest
1242 2696 1350 2780 prout
1374 2683 1539 2780 magister
1564 2683 1783 2759 Laurentius

444 2799 538 2894 Pyot
565 2795 824 2872 conscientiam
848 2798 947 2872 suam
974 2799 1138 2870 onerauit
1167 2809 1208 2869 vt
1237 2807 1338 2892 patet
1362 2795 1547 2892 persuum
1573 2795 1781 2892 scripturam

441 2911 650 2985 manualem
683 2933 794 3005 quam
826 2910 1004 2984 summam
1042 2909 1108 3004 xiij
1139 2911 1169 2982 ἔ.
1194 2911 1246 3005 iiij
1283 2905 1320 2981 tl.
1346 2908 1460 2981 dicus
1493 2908 1670 3004 Georgius
1702 2934 1783 3006 gra-
1877 2935 1879 2938 ·

441 3033 564 3097 tanter
589 3025 779 3096 aunuatim
805 3022 1035 3121 persoluebat
1060 3023 1106 3094 ad
1132 3020 1303 3116 plurimos
1330 3043 1441 3092 annos
1458 3018 1649 3094 transattos
1674 3035 1783 3115 prout

439 3137 483 3208 ad
510 3131 656 3229 presens
681 3135 795 3208 facit·
813 3134 912 3208 Item
938 3145 1059 3207 totum
1089 3134 1181 3206 illud
1208 3145 1456 3208 tenementum
1483 3128 1555 3203 srue
1581 3144 1712 3206 terram
1734 3137 1781 3207 de

438 3270 535 3318 nouo
551 3241 793 3320 construttam
809 3248 989 3322 iacentem
1006 3248 1044 3318 iu
1062 3241 1293 3319 rniuersttate
1317 3240 1555 3317 Abirdonenli
1571 3246 1667 3316 inter
1682 3270 1780 3318 com-

438 3381 589 3431 munem
601 3358 696 3431 riam
710 3361 846 3456 regiam
864 3383 912 3432 ex
928 3359 1097 3431 orientali
1114 3381 1161 3430 ex
1178 3381 1250 3431 rna
1261 3367 1299 3430 et
1310 3367 1423 3429 terras
1440 3357 1485 3427 de
1501 3354 1638 3429 Setonc
1654 3382 1701 3429 ex
1719 3383 1779 3430 oc-

438 3471 610 3545 cidentali
649 3471 812 3565 partibus
850 3473 897 3544 ab
925 3471 1042 3544 altera
1066 3482 1105 3544 et
1134 3482 1266 3543 terram
1295 3469 1473 3562 quondam
1502 3464 1657 3565 magistri
1691 3470 1777 3542 Ade

438 3584 609 3656 Gordone
638 3579 760 3655 versus
786 3579 946 3656 austrum
973 3593 1011 3655 et
1036 3603 1265 3654 communem
1290 3577 1466 3652 venellam
1487 3577 1605 3652 verius
1631 3581 1776 3654 boream

436 3718 506 3789 que
536 3717 634 3768 nunc
660 3695 724 3767 dat
749 3697 938 3768 annuatim
964 3698 999 3789 vj
1029 3694 1090 3766 lio.
1118 3697 1157 3790 iij
1184 3696 1213 3766 i.
1244 3693 1294 3787 iiij
1311 3688 1348 3763 (i.
1366 3703 1403 3763 et
1420 3713 1444 3762 x
1462 3695 1491 3764 ἔ.
1518 3690 1660 3763 domino
1686 3692 1777 3788 epis·

435 3830 526 3901 copo
553 3847 562 3865 ·
587 3806 762 3881 videlicet
787 3809 825 3880 in
851 3809 959 3881 domo
983 3807 1151 3881 auteriori
1177 3803 1261 3878 sunt
1276 3813 1430 3898 quatuor
1450 3803 1614 3876 chamere
1640 3813 1678 3876 et
1704 3827 1775 3877 vna

436 3918 587 3991 taberna
604 3929 644 3992 et
661 3919 826 4012 quelibet
845 3920 1013 3992 chamera
1037 3921 1101 3993 dat
1117 3919 1303 3992 annuatim
1328 3915 1414 4008 xviij
1432 3917 1462 3989 ἓ.
1479 3926 1517 3988 et
1537 3915 1686 3988 taberna
1712 3920 1771 4012 viij

434 4033 463 4104 ἔ.
502 4027 643 4102 summe
681 4030 789 4103 huius
822 4031 874 4125 iiij
910 4031 973 4103 lin.
1008 4042 1047 4104 et
1080 4032 1207 4104 domus
1246 4031 1394 4101 interior
1426 4049 1507 4099 cum
1536 4027 1701 4101 chamera
1734 4041 1773 4102 et

433 4143 598 4236 coquitre
621 4151 662 4213 et
690 4153 772 4216 orto
798 4141 906 4215 soluit
931 4142 1019 4216 mihi
1048 4145 1237 4215 annuatim
1265 4141 1326 4233 xiij
1352 4142 1381 4212 ὅ.
1410 4140 1461 4233 iiij
1488 4137 1523 4212 (i.
1558 4150 1596 4212 et
1625 4140 1771 4212 domino

433 4251 599 4349 episcopo
624 4274 651 4324 x
688 4255 719 4326 ὅ.
771 4253 822 4326 Et
855 4255 927 4328 alia
959 4255 1088 4328 (lomus
1112 4251 1233 4326 versus
1254 4247 1412 4325 austrum
1441 4249 1547 4323 soluit
1583 4274 1632 4322 xx
1668 4253 1698 4323 ἓ.
1731 4265 1770 4324 et

433 4367 561 4438 domus
577 4363 616 4436 in
633 4385 707 4458 qua
728 4361 800 4439 stet
817 4366 945 4440 fornax
971 4389 997 4438 x
1021 4369 1051 4440 ἔ.
1069 4375 1108 4439 et
1123 4366 1273 4438 horeum
1298 4386 1371 4436 uon
1395 4359 1568 4436 alsedatur
1591 4362 1698 4436 alicui
1723 4366 1770 4437 ad

431 4473 604 4573 presens·
623 4473 674 4548 Et
694 4497 806 4549 vnum
825 4501 987 4551 annuum
1012 4479 1195 4553 redditum
1220 4499 1246 4550 x
1271 4480 1301 4551 ὅ.
1319 4477 1364 4550 de
1386 4488 1482 4549 terra
1496 4473 1643 4548 Audree
1667 4471 1770 4548 Ken-

432 4599 538 4684 ncrty
572 4587 716 4662 iacente
746 4590 785 4662 in
814 4591 944 4664 eadem
977 4589 1212 4665 vniuerlitata
1236 4583 1475 4662 Abirdonensr
1508 4586 1604 4657 inter
1636 4597 1768 4660 terram

429 4702 455 4776 J
456 4701 609 4775 ohannis
625 4699 734 4799 gong
750 4725 798 4777 ex
815 4700 961 4777 australi
988 4716 1029 4778 et
1054 4714 1185 4778 terram
1205 4699 1384 4774 Willelmi
1401 4695 1563 4771 Wilsone
1579 4720 1624 4770 ex
1643 4699 1767 4773 boriali
