4526 5954
462 726 572 826 xus]
934 726 1336 807 ABERDONENSE.
1730 731 1805 808 267

462 928 647 1025 hospitalis
662 929 863 1006 Jerusalem
875 955 1001 1006 omues
1010 932 1223 1004 donationes
1233 940 1409 1001 terrarum
1418 926 1604 997 bominum
1618 934 1658 998 et
1669 935 1799 1000 tenen-

461 1044 556 1116 tium
571 1067 615 1117 ac
631 1041 903 1118 elemosmarum
915 1065 986 1138 que
1010 1044 1063 1115 eis
1079 1039 1302 1113 rationaliter
1317 1036 1411 1108 fatte
1427 1036 1511 1108 sunt
1526 1047 1603 1110 tam
1618 1039 1658 1110 in
1680 1039 1799 1111 eccle·

386 1183 388 1190 ’
461 1150 520 1250 fija
549 1179 656 1251 quam
684 1155 725 1228 in
748 1155 829 1252 aliJs
853 1157 961 1229 rebus
993 1149 1192 1248 priuilcgijs
1218 1158 1258 1222 et
1283 1143 1549 1243 possessionibus
1576 1149 1796 1223 mundanis·

460 1267 628 1344 volumus
644 1271 756 1366 igitur
771 1278 810 1342 et
825 1268 978 1340 firmiter
988 1262 1206 1358 precipimus
1222 1269 1263 1330 vt
1279 1259 1364 1331 disi
1381 1261 1508 1334 fratres
1525 1285 1651 1335 omnes
1667 1257 1796 1358 pulses·

459 1376 576 1456 liones
591 1392 632 1456 et
643 1376 854 1455 elemosinas
865 1375 945 1449 suas
955 1373 1113 1446 habeant
1125 1379 1164 1442 ot
1175 1378 1326 1442 teneant
1334 1393 1418 1442 cum
1429 1371 1493 1444 sok
1503 1383 1544 1445 et
1553 1371 1617 1446 sak
1630 1395 1715 1446 cum
1725 1373 1793 1446 toll

459 1500 499 1565 st
523 1494 646 1567 theme
680 1486 961 1586 infangandtbes
984 1492 1024 1557 et
1049 1504 1132 1554 cum
1157 1480 1324 1554 omnibus
1360 1480 1439 1576 alijs
1463 1483 1729 1559 hereditatibus
1753 1496 1793 1558 et

458 1602 582 1678 liberis
608 1596 926 1678 consuetudinibus
950 1617 994 1667 ac
1019 1593 1230 1687 quietantijs
1251 1590 1322 1664 suis
1347 1595 1386 1664 in
1411 1592 1515 1668 bosco
1549 1605 1589 1669 et
1616 1596 1726 1691 plano
1753 1599 1792 1668 in

457 1717 570 1810 pratis
587 1725 626 1789 et
640 1711 802 1809 paschma
818 1711 857 1779 in
873 1707 975 1800 aquis
991 1714 1031 1778 et
1046 1704 1263 1778 molendinis
1274 1707 1313 1777 in
1330 1705 1400 1799 vle
1417 1716 1457 1779 et
1472 1704 1610 1781 semitis
1624 1709 1664 1780 in
1680 1709 1791 1782 moris

457 1837 498 1900 et
512 1823 670 1920 marefijs
686 1825 725 1895 in
742 1819 874 1915 stagnis
891 1829 930 1890 et
946 1817 1091 1910 viuarijs
1107 1817 1146 1888 in
1162 1813 1317 1913 piscarijs
1334 1825 1373 1890 et
1388 1820 1547 1916 grangijs
1563 1841 1606 1893 ao
1622 1820 1790 1918 virgultis

454 1937 551 2011 infra
565 1938 719 2032 burgum
736 1941 776 2004 et
800 1938 959 2003 extract
983 1931 1022 2002 in
1047 1928 1214 2001 omnibus
1238 1929 1346 2002 rebus
1362 1928 1492 2004 liberas
1516 1939 1556 2004 et
1577 1933 1719 2026 quietas
1743 1933 1790 2006 de

455 2047 599 2144 placitis
631 2053 671 2118 ot
703 2039 860 2136 querelis
875 2039 1035 2136 scutagio
1060 2039 1204 2114 auxiliis
1232 2050 1272 2114 et
1300 2037 1409 2114 allilia
1437 2045 1551 2118 etde
1579 2047 1790 2140 operatione

454 2157 684 2234 castellorum
701 2162 739 2226 et
756 2154 922 2258 pontium
938 2162 978 2225 et
1002 2153 1049 2227 de
1064 2152 1239 2226 bludwite
1263 2163 1303 2228 et
1327 2155 1375 2228 de
1390 2152 1544 2251 pellagio
1560 2159 1733 2254 pontagio
1750 2169 1791 2232 et

454 2266 666 2363 hostellagio
682 2275 722 2338 et
734 2265 874 2358 quietas
889 2264 936 2336 de
952 2265 1051 2336 omni
1068 2264 1220 2338 tellonio
1237 2273 1276 2338 et
1292 2265 1338 2340 de
1354 2270 1453 2341 omni
1469 2267 1619 2342 seculari
1635 2267 1789 2346 fornicio

454 2374 699 2476 opereseruili
721 2377 908 2449 exactione
925 2377 1026 2450 etde
1051 2377 1218 2450 omnibus
1242 2377 1321 2473 aliJ's
1346 2377 1664 2455 consuetudinibus
1688 2380 1790 2458 secu·

454 2491 589 2566 laribus
618 2499 772 2585 excepta
799 2486 913 2561 solum
940 2485 1081 2562 iusticia
1101 2489 1257 2561 hominis
1281 2491 1536 2587 condempnati
1559 2502 1599 2565 et
1623 2497 1789 2590 exeeptis

453 2611 610 2699 quatuor
617 2599 772 2696 querelis
782 2601 1088 2695 queadcoronam
1099 2594 1255 2673 nostram
1264 2602 1450 2696 pertinent
1459 2599 1598 2676 scilicet
1606 2606 1653 2677 de
1661 2608 1789 2700 rapina

453 2717 500 2789 de
517 2711 764 2788 combustione
789 2714 835 2785 de
859 2713 1015 2785 murthir
1038 2721 1078 2785 et
1102 2713 1149 2785 de
1173 2713 1308 2784 femina
1322 2711 1505 2786 afforciata
1521 2749 1530 2769 ·
1547 2711 1731 2788 Volumus
1748 2729 1788 2791 et

451 2827 683 2902 oonoedimus
706 2826 875 2899 omnibus
898 2823 1104 2898 hominibus
1139 2821 1381 2918 predictorum
1405 2825 1557 2898 fratrum
1584 2836 1625 2900 et
1652 2830 1714 2922 qui
1741 2829 1787 2902 de

452 2935 587 3013 eisdem
613 2947 742 3011 tenent
765 2939 957 3032 quicquam
973 2939 1012 3010 in
1029 2937 1143 3032 burgo
1158 2934 1218 3008 rel
1233 2945 1339 3010 extra
1363 2936 1517 3034 burgum
1534 2948 1575 3010 vt
1591 2935 1697 3012 liberi
1715 2935 1787 3014 sust

450 3051 498 3125 ab
530 3051 631 3122 omni
663 3049 825 3122 tolloneo
856 3059 898 3123 ct
922 3050 969 3124 de
1001 3048 1169 3121 omnibus
1196 3043 1514 3122 consuetudinibus
1546 3051 1585 3122 in
1617 3053 1787 3126 omnibus

450 3162 968 3258 emptionibusvenditionibus
980 3159 1787 3258 qualitercunquecontiogentibus·Volumus

449 3271 596 3370 insuper
619 3285 659 3347 et
687 3275 839 3348 firmiter
861 3274 1078 3370 precipimus
1102 3281 1144 3345 vt
1168 3268 1195 3345 li
1220 3273 1370 3368 preditti
1393 3273 1558 3346 homines
1587 3277 1786 3351 eorundem

450 3385 604 3459 fratrum
628 3395 668 3458 et
692 3393 861 3460 tenentos
877 3408 997 3459 coram
1021 3383 1126 3457 nobis
1141 3383 1200 3458 vel
1217 3385 1396 3479 aliquibus
1414 3383 1558 3458 balliuis
1574 3383 1705 3462 nostris
1720 3412 1786 3483 pro

450 3495 572 3592 aliqua
587 3493 692 3571 causa
707 3497 844 3571 fuerint
867 3499 1052 3570 emersisti
1077 3495 1217 3592 prefata
1231 3497 1490 3570 merciamcnta
1505 3494 1626 3572 santio
1648 3498 1785 3574 Joanni

449 3619 490 3683 et
507 3609 610 3683 distis
635 3609 805 3682 fratribus
827 3618 1039 3682 remaneant
1062 3609 1101 3681 in
1125 3615 1339 3704 perpetuum
1365 3616 1405 3681 et
1428 3603 1455 3680 sr
1479 3611 1629 3703 preditti
1655 3613 1785 3687 stanes

449 3718 571 3816 aliquo
586 3722 696 3795 modo
721 3721 856 3794 fuerint
879 3722 1064 3795 amerciati
1091 3715 1164 3793 lint
1187 3721 1301 3815 quieti
1326 3743 1392 3816 pro
1408 3743 1480 3794 vna
1502 3721 1589 3796 rlna
1612 3721 1783 3800 scarleti·

448 3856 562 3928 qnare
585 3832 752 3906 volumus
776 3844 816 3906 et
839 3833 1069 3907 concedimus
1090 3843 1131 3907 et
1153 3833 1305 3906 firmiter
1331 3835 1550 3928 precipimus
1565 3844 1607 3908 vt
1633 3839 1785 3932 prodisti

449 3943 579 4019 fratres
594 3946 717 4017 omnia
732 3941 926 4041 prescripta
945 3944 1104 4020 habeant
1120 3951 1161 4018 et
1174 3953 1328 4018 wteneant
1344 3945 1390 4018 de
1406 3946 1511 4019 nobis
1526 3955 1567 4019 et
1582 3943 1784 4024 successori·

449 4057 518 4130 bus
534 4052 663 4129 nostris
679 4057 718 4129 in
739 4057 889 4131 liberam
904 4077 1031 4151 puram
1048 4067 1088 4130 at
1104 4065 1316 4153 perpetuam
1333 4053 1564 4131 elemosinam
1584 4056 1782 4136 secundnm

448 4168 545 4265 qnod
570 4164 717 4240 liberius
747 4178 786 4242 et
810 4168 971 4262 quieeius
987 4193 1030 4242 ac
1045 4169 1188 4266 plenius
1211 4169 1433 4264 temporibus
1458 4165 1718 4246 antecessorum
1744 4186 1785 4249 st

448 4275 682 4356 suceessorum
707 4275 909 4353 nostrorum
933 4304 1060 4378 regum
1086 4281 1297 4356 Scottorum
1323 4278 1517 4355 illustrium
1541 4281 1677 4357 babere
1698 4309 1785 4360 con·

447 4392 666 4468 susumunt·
683 4388 765 4464 Hoc
778 4401 902 4464 antem
915 4391 1246 4491 omnia'prescripta
1255 4394 1383 4467 damus
1399 4393 1629 4468 concedimus
1644 4405 1686 4470 et
1697 4419 1784 4473 oon·

446 4503 632 4579 firmamm
656 4524 722 4598 pro
745 4525 869 4576 amore
888 4501 960 4578 Dei
987 4514 1027 4580 et
1051 4507 1240 4580 animabus
1266 4507 1428 4579 omnium
1453 4499 1715 4581 antcoelsornm
1742 4523 1783 4586 et

446 4611 682 4692 succesorem
691 4612 911 4689 nostrorum·
922 4615 1281 4693 TestibusWillelmo
1290 4614 1454 4715 episcopo
1463 4613 1675 4716 Glasgnenll
1689 4622 1786 4696 ·An·
