4612 5964
453 737 499 802 89
975 723 1285 798 REGISTRUM
1650 730 1801 826 [escum

453 930 497 1000 ad
523 929 638 1000 altare
662 947 879 1001 courtrson
908 945 984 997 neo
1012 943 1136 995 nnana
1163 942 1286 994 stanin
1312 942 1484 995 osrurnus
1504 945 1656 998 saneris
1682 967 1691 984 ·
1718 949 1803 997 con-

452 1041 574 1114 uersus
587 1043 631 1114 ad
644 1041 794 1112 chorum
810 1060 857 1110 nr
872 1057 984 1109 voors
1002 1055 1166 1108 necetur
1186 1053 1296 1105 uraris
1310 1053 1567 1106 coarctarent:
1585 1055 1801 1134 nocuraoue

454 1173 501 1224 nr
518 1173 642 1225 orans
666 1173 745 1223 naa
774 1172 898 1222 cuum
925 1190 934 1207 ·
961 1149 1047 1220 dein
1064 1144 1240 1241 aspriciens
1257 1147 1302 1216 ad
1321 1145 1435 1218 altare
1452 1167 1598 1218 rnacon
1624 1169 1800 1218 sane-ran

454 1285 605 1336 stantun
623 1283 750 1335 ouans
769 1281 932 1334 sanctos
947 1281 995 1332 sn
1009 1279 1172 1332 saneris
1191 1279 1257 1330 ost
1274 1297 1283 1314 ·
1298 1257 1429 1328 deinde
1441 1253 1614 1350 aspiciens
1628 1258 1798 1330 chorum·

455 1395 502 1447 aa
532 1397 601 1448 vos
630 1395 758 1447 onans
789 1393 863 1446 nno
894 1393 949 1444 ms
981 1413 990 1430 ·
1022 1373 1152 1444 chorus
1186 1367 1400 1464 respondeat
1427 1370 1470 1440 ad
1496 1391 1578 1439 eum
1609 1366 1800 1440 conuersus

453 1505 697 1558 msansaaun
716 1505 851 1556 unsrnr
871 1503 1119 1556 osrnrroasns
1137 1501 1237 1554 onus
1253 1491 1328 1554 cte·
1349 1477 1476 1552 Postea
1493 1481 1607 1573 primo
1624 1481 1668 1553 ad
1686 1478 1800 1550 altare

453 1596 645 1670 conuersus
679 1599 775 1668 dicat
812 1613 1031 1667 conrtnnon
1061 1593 1194 1666 deinde
1219 1595 1264 1665 ad
1294 1592 1514 1664 sacerdotem
1539 1588 1732 1663 conuersus
1760 1603 1799 1659 tt

454 1711 550 1803 prius
576 1707 738 1780 sacerdos
765 1704 800 1778 se
827 1705 955 1777 habuit
974 1745 982 1762 ·
1003 1703 1149 1776 Deinde
1176 1707 1274 1776 dicat
1300 1703 1461 1778 sacerdos
1477 1704 1521 1776 ad
1540 1704 1689 1775 chorum
1716 1725 1800 1773 con·

452 1817 573 1890 uersos
594 1837 840 1890 msannarun
860 1835 996 1886 vssrnr
1023 1835 1271 1888 orrurrornus
1289 1837 1389 1888 nnus
1404 1826 1476 1890 etc·
1496 1815 1798 1888 Ansoaurrosan

454 1949 501 2002 nr
526 1947 785 2000 nsutssronnn
811 1933 861 1998 etc
876 1963 885 1980 ·
903 1925 1049 2009 Quibus
1075 1924 1182 1998 distis
1206 1928 1425 2021 expleantur
1440 1951 1562 2024 preces
1579 1951 1679 2000 more
1695 1924 1799 1996 solito

455 2059 552 2111 nnus
568 2058 619 2110 ru
638 2055 862 2109 convensus
881 2055 1120 2108 vrumrcsnrs
1138 2057 1209 2108 nos
1225 2047 1300 2110 etc·

454 2262 510 2333 lle
527 2262 643 2332 ollicio
660 2257 842 2332 rcdlorum
870 2258 968 2329 chori
995 2259 1039 2328 ad
1069 2259 1233 2353 resperas
1251 2272 1288 2330 ct
1308 2263 1504 2333 matutinas
1528 2259 1662 2333 millam
1689 2275 1727 2332 ct
1753 2260 1797 2332 ad

1015 2369 1104 2442 alias
1122 2370 1226 2442 horas
1245 2411 1253 2428 ·

452 2595 498 2668 lu
526 2595 778 2669 Srnrnrcrnus
804 2589 903 2665 sestis
927 2615 1012 2664 cunr
1034 2594 1211 2688 regimine
1237 2595 1335 2666 chori
1354 2605 1392 2666 ct
1411 2596 1445 2664 in
1464 2595 1651 2666 dominicis
1669 2597 1799 2689 princi-

450 2707 540 2802 palis
558 2709 674 2778 rector
698 2705 797 2777 chori
816 2705 863 2776 ab
880 2705 987 2776 initio
1004 2705 1049 2776 ad
1069 2703 1234 2798 vesperas
1260 2706 1492 2798 antiphonam
1519 2705 1624 2800 lirper
1646 2706 1797 2801 plirlmos

450 2832 488 2890 et
505 2817 720 2912 psalmorum
746 2817 1012 2888 intonationem
1032 2826 1072 2888 et
1089 2817 1330 2890 differentiam
1348 2841 1370 2888 a
1388 2831 1533 2890 cantore
1558 2831 1686 2910 querat
1711 2859 1719 2876 ·
1747 2818 1797 2890 Et

451 2931 486 2999 in
514 2927 669 3000 secundo
694 2927 810 3021 gradu
837 2925 974 2997 dehent
1001 2928 1110 3021 incipi
1137 2927 1205 3000 hoc
1232 2925 1373 3020 quclito
1400 2929 1485 3001 illud
1513 2931 1616 3002 iuxta
1640 2931 1796 3002 cantoris

449 3041 692 3132 inceptionem
721 3036 746 3108 sr
774 3036 896 3130 plures
921 3039 1122 3132 antiphone
1148 3039 1285 3110 suerint
1304 3038 1410 3132 super
1434 3039 1586 3134 psalmos
1603 3039 1793 3114 secundam

449 3152 684 3244 antiphonam
698 3162 735 3220 ct
751 3165 915 3240 quartam
935 3147 1166 3220 secundarius
1184 3153 1301 3220 testor
1314 3152 1441 3222 eodem
1459 3153 1583 3224 ordine
1596 3153 1794 3246 eodemque

448 3263 658 3354 graumuinc
671 3271 799 3352 (plenu
817 3269 854 3330 ct
875 3261 1068 3352 iniungat·
1086 3259 1125 3332 Si
1147 3284 1231 3332 vcro
1245 3261 1502 3355 responlhrium
1516 3260 1560 3335 sn
1573 3265 1617 3336 ad
1633 3262 1795 3358 colluras

449 3374 667 3448 coartandum
687 3383 775 3442 tunc
793 3371 1000 3465 principalis
1018 3375 1135 3442 rector
1153 3369 1231 3466 post
1253 3373 1515 3446 inchoationem
1535 3379 1651 3468 quarti
1670 3372 1794 3470 psalmi

448 3482 705 3579 responsorium
733 3507 754 3554 a
780 3495 929 3554 cantore
947 3484 1105 3574 inquirat
1124 3498 1161 3555 ct
1180 3509 1201 3555 a
1219 3509 1292 3577 quo
1310 3485 1367 3556 acl
1387 3509 1408 3558 a
1424 3488 1551 3578 quihus
1578 3483 1621 3558 lit
1646 3498 1793 3559 cautan-

448 3599 532 3668 «lum
553 3637 561 3654 ·
579 3595 619 3666 Si
646 3619 667 3666 a
694 3595 835 3665 duolnrs
863 3589 906 3664 lit
933 3595 1155 3667 cantandum
1184 3606 1272 3667 tuuc
1298 3596 1504 3690 principalis
1530 3601 1646 3670 rcitor
1669 3597 1793 3669 sccun-

447 3710 546 3780 ‹lario
570 3705 830 3800 relimnsorium
859 3703 1035 3800 significet
1053 3717 1091 3778 ct
1109 3732 1130 3779 a
1148 3731 1220 3800 quo
1243 3704 1286 3779 llt
1313 3709 1529 3780 cantandum
1548 3733 1594 3781 cx
1612 3707 1674 3782 sua
1691 3721 1792 3804 parte

446 3822 503 3890 cui
524 3817 596 3912 ipsc
609 3817 765 3889 uoluerit
780 3815 868 3887 illud
885 3817 1073 3912 iniungat·
1088 3819 1220 3890 ‹lcindc
1233 3819 1327 3890 idem
1341 3822 1455 3891 testor
1465 3841 1637 3916 pnpuum
1653 3818 1790 3892 uersum

446 3944 483 4002 ot
501 3929 734 4024 antiphonam
751 3927 856 4021 super
874 3947 1114 4002 paenituerit
1131 3942 1169 4002 ct
1188 3951 1388 4004 nnnontas
1403 3944 1440 4002 et
1458 3951 1589 4004 nonunt
1606 3956 1628 4004 a
1644 3947 1791 4004 cantore

446 4053 570 4136 qrrerat
590 4081 599 4098 ·
618 4040 687 4110 hiis
704 4039 873 4110 omnibus
887 4037 1037 4130 quesitis
1052 4039 1204 4134 ipsemet
1217 4065 1393 4137 ympuunr
1407 4043 1550 4116 inchoet
1564 4083 1573 4102 ·
1588 4044 1708 4116 uerlirs
1726 4041 1751 4116 st
1770 4068 1791 4116 a

446 4153 585 4224 duohus
604 4147 647 4222 stt
661 4151 836 4222 dicendus
849 4149 962 4244 perse
975 4161 1013 4223 ct
1027 4148 1277 4226 secundarium
1296 4153 1439 4226 duobus
1454 4159 1573 4248 pueris
1589 4179 1635 4227 ex
1653 4157 1792 4228 duabus

445 4265 541 4336 ultori
553 4264 717 4357 partibus
727 4263 941 4356 iniungatur
951 4297 960 4314 ·
972 4259 998 4333 li
1010 4275 1134 4336 autem
1146 4266 1193 4338 ab
1203 4287 1275 4337 vno
1287 4264 1361 4336 solo
1373 4265 1480 4362 perse
1491 4278 1633 4340 tautum
1643 4268 1792 4340 deiude

444 4375 677 4470 autiphonam
697 4372 804 4468 super
820 4393 1060 4448 maestricht
1077 4377 1244 4474 iniungat
1262 4389 1301 4449 et
1318 4375 1491 4471 psalmum
1515 4376 1629 4474 ipsum
1648 4383 1789 4451 intonet

443 4487 529 4560 dum
565 4487 699 4558 dicitur
728 4486 844 4558 oratio
875 4503 1152 4561 nnnsntcttws
1180 4489 1240 4562 eui
1267 4488 1423 4562 noluerit
1451 4491 1616 4588 iniungat
1643 4531 1652 4550 ·
1685 4489 1732 4562 Et
1762 4486 1787 4561 li

443 4599 576 4694 duplex
595 4594 726 4670 sellum
754 4597 865 4670 suerit
882 4593 1114 4672 secundarius
1131 4623 1178 4674 ex
1196 4609 1300 4696 parte
1325 4597 1390 4676 sua
1414 4603 1576 4700 iniungat
1594 4621 1789 4675 annuentis
