4564 5968
1004 699 1312 775 nuorssnum
1668 701 1817 797 [secun

484 1123 582 1196 lrru
601 1145 674 1196 een
692 1142 966 1198 nnusnsnours
985 1141 1027 1193 ru
1045 1139 1208 1192 cunrsro
1228 1140 1380 1192 errnsu
1392 1138 1630 1191 sonoumuu
1645 1119 1821 1192 Wrsssu·

631 1258 720 1310 uuis
737 1236 919 1309 smum
937 1252 1130 1313 ouonnsu
1150 1250 1362 1302 serscoeun
1382 1232 1722 1303 Assanossssurs·

488 1435 541 1532 ln
558 1463 681 1554 primis
697 1460 793 1532 calix
806 1481 891 1531 oum
903 1467 1038 1552 patena
1050 1466 1088 1527 et
1105 1477 1194 1547 paoe
1205 1477 1246 1526 ao
1263 1456 1356 1548 pede
1369 1452 1524 1526 eiusdem
1542 1454 1694 1526 rotunde
1711 1454 1821 1548 figure

485 1597 548 1666 pro
565 1569 955 1664 conseruatiouepanis
975 1568 1021 1640 ad
1040 1565 1296 1638 celebrandum
1421 1589 1527 1660 opero
1540 1561 1722 1638 Parisrensr
1736 1587 1817 1637 oum

485 1681 643 1755 custodia
668 1680 771 1753 solito
796 1682 893 1751 dono
910 1679 1093 1773 quondam
1121 1675 1287 1748 Vilielmi
1305 1678 1454 1751 Stenart
1478 1674 1631 1772 episcopi
1658 1676 1821 1749 Aberdo-

487 1789 605 1866 nonsts
621 1793 789 1886 ponderis
810 1790 948 1886 [xxxix
967 1784 1174 1881 unciarum]
1194 1827 1202 1844 ·

534 2002 628 2074 Item
648 2025 758 2093 parua
771 2023 862 2072 cmx
876 2001 1017 2094 argenti
1038 2022 1121 2070 oum
1132 1999 1225 2093 podo
1239 2003 1435 2091 quantitas
1450 1997 1597 2075 eeclesia
1608 2003 1646 2074 iu
1658 1995 1822 2094 processi-

484 2115 612 2185 onibus
629 2113 801 2184 deaurata
818 2134 890 2183 vua
907 2132 993 2183 oum
1011 2109 1153 2181 duobus
1169 2110 1395 2186 candelabris
1419 2117 1556 2208 argenti
1573 2116 1611 2186 in
1635 2112 1820 2186 circumfe-

484 2227 609 2319 rentijs
626 2224 806 2297 deauratis
825 2245 910 2296 cum
936 2220 1100 2294 amuluia
1115 2224 1257 2316 argenti
1274 2246 1340 2316 pro
1365 2222 1634 2298 conseruatioue
1651 2248 1742 2319 aque
1760 2226 1819 2296 be-

484 2337 624 2408 neditio
651 2347 689 2408 ot
712 2331 908 2430 aspersorio
934 2330 1095 2404 eiusdem
1121 2334 1290 2427 ponderis
1318 2334 1335 2430 [
1533 2333 1668 2428 ]dono
1693 2337 1819 2430 prefati

483 2449 669 2522 reuerendi
687 2449 800 2542 patris
819 2443 989 2517 Wileimi
1007 2442 1162 2538 episcopi
1181 2485 1189 2502 ·

534 2559 653 2655 [Crux
666 2556 828 2655 predista
841 2555 1014 2652 ponderis
1027 2557 1116 2650 xviij
1129 2579 1242 2628 moe·
1262 2555 1359 2628 Item
1378 2556 1618 2629 amiinlocum
1631 2556 1820 2652 aspersorio

484 2807 574 2856 mee
593 2805 676 2857 eum
701 2783 853 2856 dimidia
878 2819 887 2838 ·
914 2777 1069 2854 Summa
1093 2782 1257 2852 omnium
1282 2802 1348 2874 per
1365 2778 1441 2848 W·
1468 2777 1594 2852 Stuart
1622 2783 1819 2876 predidum

484 2895 684 2966 extendens
700 2893 745 2966 ad
757 2895 789 2987 j‘
806 2893 871 2986 xiij
889 2914 983 2964 vnce
1001 2887 1031 2984 ·]

485 3285 591 3358 vass
608 3305 820 3357 arroensis
835 3303 1043 3356 snoenrss
1063 3304 1111 3354 er
1126 3303 1245 3354 unsis
1265 3303 1338 3352 ren
1353 3302 1537 3360 ouon‘nsrs
1557 3307 1818 3362 snosnrnnuu

534 3421 572 3472 m·
587 3419 753 3470 cunrsro
769 3417 925 3468 rsrnsss
942 3417 1121 3467 orumors
1137 3415 1400 3468 rrrssarrrons
1416 3415 1548 3468 oratus
1562 3397 1819 3474 Aaronoxes·

535 3532 608 3583 suu
639 3530 859 3582 srrsooeorr
901 3527 1057 3580 nonnus
1085 3528 1269 3580 accusem
1304 3503 1586 3583 Auernossnsr
1618 3536 1817 3586 conresrs

534 3643 625 3694 ross
644 3641 922 3694 nenucrronssr
937 3639 1151 3693 sonunomr
1171 3642 1221 3691 sn
1241 3641 1454 3693 accusemus
1475 3643 1547 3694 rsa
1561 3645 1817 3698 surnsmcros

534 3755 753 3806 ssurronss
769 3741 1004 3814 s‘sooonrun
1022 3770 1031 3788 ·

489 4008 678 4124 Imprimis
706 4049 796 4100 crux
831 4027 975 4122 argenti
1006 4049 1090 4098 eum
1120 4027 1212 4122 pede
1241 4023 1402 4099 eiusdem
1437 4027 1599 4119 ponderis
1631 4030 1816 4106 duodecim

487 4162 685 4216 marearum
700 4136 839 4232 septem
858 4139 1045 4210 maiarum
1068 4151 1107 4212 et
1123 4139 1270 4214 sedioim
1292 4136 1493 4236 esteriingis
1515 4165 1598 4215 curn
1616 4145 1743 4220 baoqu
1759 4149 1820 4222 de·

489 4257 582 4350 pitto
598 4253 645 4325 ad
657 4248 895 4323 deserendum
914 4271 1000 4322 oum
1015 4246 1164 4324 enstode
1177 4253 1215 4324 in
1233 4252 1353 4346 eapite
1370 4273 1416 4323 ex
1433 4275 1540 4347 cupro
1557 4256 1727 4330 deaurato
1744 4313 1752 4330 .

442 4459 450 4476 ¹
538 4365 621 4439 Duo
637 4359 855 4438 candelabra
863 4371 1039 4456 argentes
1054 4363 1093 4433 in
1103 4362 1283 4458 aliquibus
1300 4363 1461 4456 portibus
1474 4366 1644 4440 desumto
1655 4372 1819 4465 ponderis

489 4479 652 4553 tridecim
676 4493 880 4548 marearum
897 4469 1036 4567 septem
1054 4477 1239 4548 vnoiarum
1266 4497 1350 4548 eum
1373 4476 1567 4553 dimedists
1589 4485 1820 4559 extendentis

489 4591 533 4665 ad
552 4587 688 4682 septem
702 4587 811 4660 libras
824 4583 1033 4681 quindecim
1050 4589 1173 4660 maias
1190 4609 1273 4661 cum
1290 4587 1510 4664 dimedista·
