4590 5954
495 695 605 790 xm]
965 701 1373 776 Annnnouausn.
1799 713 1846 780 aa

494 917 566 966 non
590 905 629 966 te
653 895 822 990 baptizo·
841 902 887 973 ad
914 901 1113 974 leuandum
1132 925 1217 974 vero
1242 923 1394 994 puerum
1413 900 1458 968 de
1476 899 1577 970 fonte
1595 909 1669 970 tres
1689 901 1734 970 ad
1761 901 1844 994 plus

492 1007 735 1080 admittantur
750 1010 900 1105 persone
916 1017 956 1087 in
973 1012 1176 1108 baptismo·
1191 1033 1328 1084 marem
1346 1011 1416 1080 duo
1435 1031 1551 1080 mares
1568 1019 1607 1080 et
1620 1033 1692 1081 vna
1708 1012 1844 1085 semina

492 1115 684 1213 suscipiant
709 1123 951 1199 seminavero
977 1127 1117 1198 duabus
1144 1124 1289 1196 seminia
1315 1133 1354 1192 et
1380 1143 1451 1190 vno
1477 1143 1576 1194 mare
1601 1119 1839 1216 suscipiatur·

491 1231 611 1324 plures
638 1242 810 1330 tanquam
838 1236 947 1311 testas
981 1260 1056 1308 non
1082 1245 1256 1326 tanquam
1286 1234 1419 1325 patrini
1446 1229 1472 1304 s1
1499 1233 1621 1306 haberi
1652 1237 1842 1328 potuerint

491 1342 692 1418 habeantur
706 1361 854 1445 propter
867 1352 981 1421 varias
998 1343 1122 1419 causas
1135 1385 1144 1402 ·
1158 1345 1269 1438 panni
1287 1353 1411 1416 autem
1428 1340 1610 1418 crismales
1626 1368 1700 1417 non
1718 1341 1784 1417 nisi
1802 1349 1840 1418 in

491 1453 572 1528 rsus
594 1471 888 1535 ornamentorum
911 1453 1062 1532 ecclesie
1084 1466 1345 1528 conuertantur
1368 1479 1435 1528 nec
1459 1452 1569 1528 semel
1587 1459 1633 1529 ad
1650 1453 1838 1530 ecclesiam

489 1590 572 1640 cum
596 1575 717 1666 pueris
741 1573 854 1645 delati
876 1571 957 1664 alija
982 1570 1028 1641 ad
1054 1567 1313 1661 baptizandum
1336 1590 1443 1660 preca
1465 1568 1521 1640 vel
1547 1571 1668 1662 precio
1695 1571 1839 1642 tradan-

489 1693 550 1752 tur
575 1725 584 1744 ·
607 1680 773 1756 fimilitar
800 1684 871 1756 alia
900 1689 1115 1753 ornamenta
1142 1673 1290 1751 ecclesie
1317 1702 1387 1771 que
1415 1680 1661 1773 pontificalem
1689 1706 1839 1777 accepe-

488 1804 574 1868 runt
598 1795 887 1869 benedittionem
913 1792 1015 1866 nullo
1039 1792 1147 1862 modo
1165 1792 1203 1862 in
1220 1789 1422 1885 prophanus
1440 1788 1522 1862 rsus
1547 1803 1836 1866 conuertantur·

488 1907 622 1980 semine
645 1915 862 1978 moneantur
879 1915 919 1975 vt
942 1927 1073 1998 pueros
1090 1900 1172 1976 suos
1188 1913 1296 1976 caute
1318 1902 1418 1975 alant
1436 1915 1474 1976 et
1492 1905 1596 1978 iuxta
1612 1903 1648 1978 sa
1666 1906 1712 1978 de
1729 1910 1836 1980 noste
1872 1998 1873 2003 Ἰ

487 2042 560 2091 non
582 2018 764 2093 collocent
788 2041 836 2089 ne
861 2019 1113 2111 opprimentur
1130 2057 1138 2074 ·
1158 2014 1250 2087 solos
1275 2017 1313 2087 in
1335 2016 1501 2088 domibus
1519 2019 1579 2089 vbi
1606 2020 1699 2112 ignis
1725 2020 1836 2092 fuerit

487 2130 545 2202 vel
571 2127 663 2202 solos
690 2131 795 2201 iuxta
821 2153 950 2222 aquam
979 2153 1053 2202 non
1084 2129 1292 2222 relinquant
1315 2165 1324 2184 ·
1347 2139 1385 2202 et
1415 2129 1484 2202 hoc
1514 2131 1684 2202 omnibus
1707 2131 1835 2204 diebus

486 2243 675 2314 dominicis
693 2242 833 2314 dicatur
851 2281 858 2298 ·

782 2465 885 2537 LVI.
913 2465 970 2536 De
987 2463 1210 2537 sacramento
1227 2465 1533 2538 confirmationis·

486 2689 607 2774 Quum
637 2687 858 2762 sacramenta
888 2688 1170 2760 confirmationis
1195 2687 1241 2758 ad
1269 2689 1378 2758 robur
1407 2688 1540 2759 dantur
1569 2691 1690 2780 pueris
1721 2687 1835 2762 sucer-

484 2801 588 2872 dotcs
604 2823 688 2873 cum
705 2801 884 2874 audierint
900 2800 1102 2872 aduentum
1120 2798 1277 2893 episcopi
1293 2811 1467 2872 moneant
1484 2799 1659 2894 populum
1679 2813 1718 2874 rt
1736 2802 1834 2875 desc-

485 2921 565 2982 rant
583 2934 713 3005 pueros
729 2912 773 2985 ad
791 2910 995 3007 episcopum
1022 2911 1286 2983 confirmandos
1304 2953 1312 2970 ·
1330 2911 1477 2982 adultus
1499 2921 1622 2984 autem
1641 2906 1666 2982 st
1686 2923 1833 3009 tempus

484 3021 651 3094 habuerit
667 3023 864 3096 confitendi
881 3026 980 3118 priua
997 3023 1216 3095 confiteatur
1228 3046 1336 3116 quam
1353 3025 1589 3096 confirmetur
1606 3065 1614 3082 ·
1633 3024 1701 3098 hoc
1719 3029 1832 3098 etiam

483 3133 583 3204 laicis
609 3135 799 3208 intimetur
815 3138 910 3228 quod
927 3135 1156 3208 contrahitur
1172 3136 1210 3206 in
1228 3135 1296 3206 hoc
1314 3132 1537 3207 sacramento
1555 3130 1646 3208 sicut
1663 3138 1701 3206 in
1719 3135 1832 3210 saera·

482 3255 607 3316 mento
632 3245 855 3341 baptismatis
880 3249 1093 3342 proximitas
1118 3244 1312 3340 spiritualis
1337 3249 1433 3318 inter
1450 3247 1531 3319 illos
1548 3250 1609 3340 qui
1634 3247 1831 3344 suscipiunt

482 3379 611 3448 pucros
634 3369 673 3430 et
698 3358 780 3430 illos
800 3381 953 3452 quorum
976 3357 1061 3430 sunt
1085 3361 1186 3452 pueri
1212 3369 1250 3430 et
1273 3359 1384 3430 etiam
1408 3359 1554 3430 illorum
1577 3383 1707 3454 pueros
1726 3401 1734 3418 ·
1753 3385 1830 3434 tuas

482 3491 566 3540 vero
584 3492 720 3542 marem
738 3493 856 3543 coram
876 3468 1041 3564 episcopo
1059 3481 1184 3541 teneat
1202 3481 1241 3540 ct
1259 3471 1393 3542 semina
1409 3471 1580 3544 seminant
1600 3513 1607 3527 ·

804 3693 929 3768 LVII.
956 3694 1014 3766 De
1032 3691 1254 3766 sacramento
1272 3695 1475 3789 penitentie
1493 3735 1501 3750 ·

480 3918 603 4003 Quum
628 3913 867 3990 remislionem
894 3929 1126 4012 peecatorum
1143 3941 1346 4012 potueram
1364 3913 1618 3991 consessionem
1641 3919 1829 4015 consequi·

480 4052 561 4100 mur
600 4031 817 4124 precipimus
851 4040 892 4101 vt
925 4028 1129 4102 sacerdotes
1162 4031 1200 4101 in
1234 4031 1354 4103 danda
1391 4032 1599 4125 penitencia
1631 4032 1827 4128 diligenter

478 4141 672 4213 attendant
685 4141 898 4234 qualitatem
916 4137 1067 4236 persono
1084 4153 1123 4212 et
1140 4145 1383 4235 quantitatem
1401 4142 1524 4215 dclitti
1542 4143 1662 4216 locum
1681 4157 1826 4240 tempus

478 4249 621 4326 causam
638 4262 677 4324 et
694 4274 830 4326 moram
849 4255 886 4325 in
904 4265 1054 4348 peccato
1070 4255 1203 4326 fastam
1220 4266 1260 4325 et
1276 4254 1364 4357 alias
1380 4256 1521 4349 peceati
1535 4252 1826 4330 circumstancias

479 4361 642 4436 similiter
656 4365 888 4438 denotionom
904 4367 1105 4460 penitentia
1122 4377 1161 4437 et
1179 4363 1278 4462 signa
1294 4368 1522 4439 contritionis
1538 4369 1760 4440 attendant·
1780 4369 1825 4442 ln

477 4475 657 4550 audiendo
673 4473 928 4550 confasionem
945 4476 1108 4550 sacerdos
1133 4479 1266 4550 habeat
1283 4477 1427 4550 vultum
1450 4479 1624 4552 humilem
1643 4489 1683 4552 ct
1699 4481 1825 4555 oculos

478 4589 522 4663 ad
547 4601 682 4662 terram
711 4585 876 4662 demissos
902 4614 969 4664 nec
998 4586 1117 4684 sapius
1147 4589 1338 4664 indiscreta
1364 4590 1494 4664 faciem
1520 4591 1687 4686 respiciat
1712 4596 1824 4666 conli-

527 4721 611 4774 vot„
630 4721 670 4773 11.
1139 4723 1164 4774 n
