4564 5968
472 775 573 870 xva]
944 782 1353 858 Annnnonnmsn.
1457 755 1460 762 ’
1756 790 1824 856 185

519 975 657 1050 Amulo
670 1001 802 1079 magna
814 1005 900 1056 oum
911 981 1108 1080 aspersorio
1126 1007 1173 1056 ex
1184 992 1335 1079 argento
1344 979 1512 1074 ponderis
1522 979 1711 1051 duodecim
1729 1001 1822 1050 mar·

469 1109 592 1160 eornm
603 1093 811 1184 quindecim
833 1099 1023 1170 vnoiarnm
1043 1096 1239 1169 extenden’
1255 1095 1300 1167 ad
1319 1091 1381 1162 sex
1399 1089 1509 1162 libras
1527 1090 1685 1182 quinque
1699 1091 1820 1162 melas

468 1219 533 1290 pro
550 1202 824 1281 oonsematione
841 1231 938 1303 aque
954 1207 1149 1281 beneditte
1167 1245 1176 1264 ·

519 1309 604 1387 Due
619 1318 839 1411 phioleoum
853 1321 965 1394 armis
988 1316 1184 1412 supradidci
1202 1312 1389 1384 reuerendi
1408 1313 1520 1406 patris
1536 1334 1583 1383 ex
1609 1321 1757 1407 argento
1780 1314 1816 1383 in

468 1423 626 1501 inferiori
639 1443 744 1524 parte
757 1432 933 1504 deaurato
946 1429 1116 1501 ordinate
1131 1449 1197 1520 pro
1210 1422 1350 1496 summo
1364 1422 1468 1496 altari
1486 1424 1654 1518 ponderis
1666 1425 1816 1496 duarum

467 1558 666 1614 mareamm
692 1543 799 1615 vnine
825 1541 932 1615 vncio
965 1547 1124 1632 quotuor
1148 1532 1350 1631 osterlingis
1378 1535 1620 1609 extendentes
1645 1537 1689 1608 ad
1708 1558 1815 1608 mam
1962 1569 1964 1572 ·

467 1647 595 1724 libram
611 1675 720 1726 vnam
738 1653 884 1725 molam
898 1659 938 1723 et
956 1656 1115 1744 quotuor
1131 1643 1404 1743 osterlingensen
1421 1688 1430 1704 ·

514 1761 653 1838 Toxtns
682 1763 959 1860 euangeliorum
990 1783 1038 1833 ex
1074 1769 1227 1855 argento
1257 1762 1451 1833 deauratus
1479 1759 1648 1854 ponderis
1674 1758 1812 1857 septem

463 1894 663 1950 marearum
688 1884 846 1970 quatuor
871 1867 1188 1969 osterlingensrnm
1214 1873 1418 1945 extendens
1435 1872 1479 1944 ad
1498 1881 1572 1943 tres
1598 1870 1707 1945 libras
1729 1895 1811 1946 cum

464 1984 661 2061 dimediata
678 1996 718 2060 et
736 2002 895 2080 quatuor
911 1981 1188 2080 osterlingenses
1206 2021 1215 2042 ·

511 2096 597 2171 'Pria
620 2096 772 2170 monilia
788 2120 835 2169 ex
852 2106 1007 2193 argento
1025 2097 1200 2170 deaurata
1225 2120 1290 2191 pro
1308 2098 1431 2191 cappla
1447 2096 1628 2190 pontilicis
1645 2097 1811 2192 ponderis

462 2209 572 2280 trium
609 2231 811 2282 marearum
846 2210 954 2280 vnins
981 2210 1088 2282 vncie
1118 2210 1230 2280 trium
1260 2206 1461 2304 esterlingis
1494 2210 1731 2282 extendentia
1763 2211 1809 2281 ad

463 2339 568 2392 vnam
586 2320 715 2393 libram
732 2343 868 2393 nouem
886 2321 1012 2394 vnoias
1029 2331 1068 2392 et
1087 2333 1162 2392 tres
1187 2315 1458 2416 esterlingenses
1477 2343 1524 2402 ex
1551 2320 1682 2414 quibus
1699 2343 1809 2393 mum

461 2431 558 2504 furto
575 2430 757 2504 sublatum
775 2430 830 2505 est
847 2456 913 2527 per
930 2431 1153 2528 supradittos
1169 2431 1343 2506 satellites
1360 2473 1368 2490 ·

510 2541 610 2616 Crux
624 2544 815 2640 pettoralis
832 2568 900 2640 pro
917 2542 1086 2640 episcopo
1103 2568 1151 2617 ex
1168 2554 1319 2640 argento
1332 2545 1505 2618 deaurata
1520 2545 1688 2640 ponderis
1698 2546 1807 2616 trium

460 2654 643 2727 vnoiarnm
660 2656 855 2730 duodeoim
873 2652 1187 2752 esterlingenlium
1205 2697 1213 2712 ·

511 2763 626 2864 Virga
641 2771 809 2842 ordinato
824 2792 891 2864 pro
904 2769 1042 2841 bidello
1056 2771 1094 2841 in
1106 2767 1347 2843 anterioribus
1360 2767 1523 2860 partibus
1537 2769 1708 2840 deaurata
1721 2791 1807 2862 pon·

458 2877 552 2951 deria
565 2881 705 2975 argenti
723 2877 886 2954 eiusdem
904 2877 970 2952 sex
988 2881 1177 2954 mciamm
1194 2878 1400 2974 quindecim
1418 2875 1752 2976 osterlingensrnm·

506 2988 593 3062 Tres
618 2992 779 3086 ampulle
796 3002 972 3088 argentee
998 2994 1170 3087 ponderis
1188 3005 1228 3064 rt
1254 2989 1444 3064 estimatur
1469 2992 1579 3063 trium
1604 3015 1805 3064 marearum

457 3103 769 3180 extendentenad
796 3126 906 3178 vnam
934 3104 1065 3178 libram
1092 3129 1176 3179 oum
1203 3103 1401 3177 dimediato
1426 3125 1472 3175 ex
1499 3105 1630 3196 quibus
1664 3126 1734 3177 ma
1767 3107 1804 3175 in

456 3211 671 3288 abduttione
688 3238 772 3289 cum
790 3218 924 3289 ceteris
952 3217 1107 3291 detento
1132 3216 1188 3291 est
1215 3239 1286 3288 vna
1310 3237 1393 3288 cnm
1424 3210 1608 3288 olanlsuris
1642 3225 1681 3288 et
1712 3216 1802 3310 palis

455 3328 651 3399 earundem
669 3351 735 3421 per
752 3325 976 3423 suproditloa
992 3330 1191 3402 demonum
1209 3340 1355 3423 tyrones
1372 3367 1381 3383 ·

505 3434 750 3512 lllonstrantia
779 3441 896 3512 maior
925 3442 1069 3537 argenti
1097 3442 1270 3514 deaurata
1302 3461 1367 3533 pro
1401 3435 1562 3511 custodio
1587 3437 1802 3512 eucharistie

453 3550 622 3642 ponderis
635 3551 765 3647 viginti
778 3573 915 3623 nouem
932 3573 1137 3625 marcarum
1155 3551 1361 3645 quindecim
1383 3549 1584 3646 esterlingis
1601 3553 1801 3623 extendens

453 3659 498 3731 ad
509 3662 785 3754 quatuordecim
797 3663 909 3736 libras
926 3687 1011 3737 cnm
1023 3663 1224 3736 dimediata
1235 3662 1441 3758 quindecim
1452 3659 1652 3759 osterlingis
1670 3687 1801 3758 exque

452 3773 565 3846 ablati
582 3776 728 3850 fuerant
745 3786 820 3849 tres
846 3774 968 3872 angeli
987 3776 1196 3848 deserentes
1214 3773 1341 3848 titulos
1359 3775 1476 3847 omcis
1492 3771 1624 3846 Christi
1648 3773 1799 3848 Ebraioo

452 3881 571 3958 Greoe
585 3894 624 3960 et
642 3886 775 3962 Latine
792 3911 903 3984 opere
920 3885 1114 3961 artificioso
1132 3930 1140 3947 ·

501 3993 746 4073 lllonstrnntia
762 3999 998 4095 reliquiarum
1022 3998 1214 4072 Treduone
1232 3998 1380 4094 virginio
1396 4021 1444 4070 ex
1460 4009 1611 4095 argento
1628 4000 1797 4072 deaurata

450 4107 618 4202 ponderis
635 4111 788 4184 duorum
806 4111 981 4184 librarum
999 4109 1169 4184 vndeoim
1187 4110 1371 4182 molarum
1389 4133 1473 4182 oum
1490 4111 1710 4185 dimediata·

499 4217 744 4295 Monstrantin
758 4246 824 4318 pro
841 4220 1121 4297 conseruatione
1134 4221 1366 4316 reliquiarum
1380 4222 1456 4294 dini
1469 4221 1623 4296 Temoni
1641 4220 1794 4318 episcopi

449 4353 495 4403 ex
521 4341 671 4429 argento
693 4335 869 4408 deaurata
884 4332 1057 4430 ponderis
1074 4337 1226 4408 duarum
1251 4334 1421 4406 libmmm
1439 4337 1598 4430 quinque
1610 4336 1793 4408 vnoiarnm

448 4441 508 4517 sed
526 4445 566 4518 in
580 4445 793 4518 rednttione
810 4443 1049 4520 cristallinum
1068 4456 1218 4543 ruptum
1234 4457 1274 4519 et
1290 4445 1443 4519 fredum
1460 4444 1539 4519 est·

498 4551 743 4632 Monstrantia
766 4556 1004 4653 reliquiarum
1022 4556 1266 4732 diniQPaladij
1284 4580 1331 4631 ex
1347 4568 1499 4656 argento
1517 4558 1688 4634 deaurato
1704 4582 1792 4654 pon-

491 4675 573 4730 vor..
592 4677 633 4732 11.
1136 4681 1159 4733 a
