4612 5964
519 733 624 828 x1v.]
994 739 1399 815 ABERDONENSE.
1825 740 1868 810 61

518 934 669 1004 tationis
685 932 887 1008 habeantur
913 947 952 1010 et
969 961 1033 1032 pro
1051 947 1225 1032 tanquam
1250 936 1386 1009 nullius
1412 937 1586 1027 temporis
1613 935 1791 1004 momenti
1811 932 1870 1004 rel

517 1041 666 1116 effosus
682 1041 738 1117 set
753 1070 818 1141 pro
836 1050 986 1121 omnino
1002 1051 1225 1122 renunciatis
1242 1048 1389 1140 penitus
1407 1046 1615 1116 iudicentur
1632 1083 1640 1100 ·

518 1152 689 1228 Preterea
712 1159 917 1232 ordinatum
935 1157 989 1232 est
1006 1161 1053 1231 de
1070 1156 1240 1232 consensu
1259 1158 1344 1227 didci
1361 1157 1500 1227 domini
1527 1155 1684 1249 episcopi
1702 1154 1799 1246 quod
1823 1155 1869 1224 de

516 1265 680 1356 qualibet
692 1266 920 1342 ecolefiarum
938 1271 1180 1364 preditiarum
1193 1269 1239 1338 de
1252 1288 1445 1338 oomnruna
1463 1270 1660 1361 recipiatur
1676 1267 1868 1338 aunuatim

516 1388 616 1450 certa
628 1391 667 1452 et
677 1404 835 1477 congrua
850 1384 970 1476 portio
983 1403 1048 1474 pro
1062 1380 1197 1451 fabrica
1211 1379 1405 1450 earundem
1425 1377 1660 1451 restauranda
1671 1376 1798 1449 habito
1811 1401 1868 1448 re·

515 1486 637 1582 l'pedu
658 1493 704 1563 ad
722 1494 919 1564 earundem
936 1491 1121 1561 euenum
1138 1490 1382 1580 quantitatem
1400 1500 1439 1562 et
1457 1487 1612 1584 ipsarum
1627 1491 1866 1581 reparationis

514 1597 761 1675 neceffitatem
774 1606 828 1674 ita
839 1603 935 1696 quod
954 1601 1048 1672 infra
1061 1601 1279 1672 decennium
1294 1601 1494 1692 preditium
1509 1621 1669 1693 congrue
1683 1611 1721 1670 ct
1736 1596 1867 1669 suffici·

514 1723 620 1784 enter
632 1724 844 1807 reparentur
856 1751 865 1769 ·
879 1714 932 1783 ita
945 1711 1042 1804 quod
1060 1733 1186 1782 omnes
1199 1720 1239 1782 et
1256 1707 1395 1806 singule
1409 1712 1593 1805 prebende
1607 1710 1865 1780 canonicorum

513 1820 663 1896 ecclesie
680 1823 896 1898 cathedralis
912 1829 1115 1893 memorate
1131 1821 1228 1892 ditio
1245 1822 1421 1893 decennio
1447 1824 1667 1917 perdurante
1693 1819 1808 1891 libere
1825 1830 1865 1891 ct

513 1935 694 2006 immunes
710 1935 756 2009 ab
772 1935 871 2005 omni
897 1933 1168 2005 contributione
1194 1935 1381 2005 eradione
1405 1931 1468 2005 seu
1485 1932 1772 2006 extraordinaria
1797 1931 1865 2000 inr-

511 2041 689 2138 pofitione
705 2069 770 2140 per
785 2046 922 2117 ditium
940 2045 1129 2116 dominum
1147 2039 1351 2138 episcopum
1379 2046 1598 2139 imponenda
1623 2053 1864 2136 permaneant

511 2159 653 2229 ratione
675 2157 809 2229 fabrice
833 2156 993 2250 preditis
1019 2150 1170 2228 ecclesie
1195 2156 1436 2228 cathedralis·
1456 2157 1506 2229 Et
1524 2169 1564 2228 vt
1590 2159 1657 2228 lrec
1682 2155 1806 2226 omnia
1823 2167 1862 2224 et

511 2263 651 2361 singula
675 2266 875 2362 supradidta
899 2269 938 2338 in
963 2267 1131 2338 omnibus
1148 2276 1188 2337 et
1212 2263 1359 2362 lingulis
1384 2266 1456 2340 suis
1481 2270 1624 2364 punitis
1641 2277 1681 2339 et
1698 2266 1863 2338 articulis

510 2379 620 2450 robur
640 2381 832 2472 optineant
856 2378 1041 2448 firmitatis
1058 2386 1135 2450 tam
1152 2379 1333 2471 predidtus
1350 2381 1519 2452 dominus
1546 2378 1733 2474 episcopus
1751 2400 1861 2472 quam

510 2491 622 2561 etiam
634 2489 791 2561 decanus
805 2488 1008 2583 capitulum
1024 2498 1064 2560 et
1080 2483 1219 2582 singule
1231 2487 1382 2583 persone
1394 2500 1484 2563 tunc
1497 2489 1683 2586 presentes
1701 2490 1747 2562 de
1764 2493 1862 2583 eapi-

510 2598 591 2670 tulo
615 2598 772 2671 fideliter
794 2599 948 2670 tirmiter
971 2607 1011 2668 et
1036 2607 1166 2669 mutuo
1199 2595 1270 2670 sese
1294 2597 1502 2694 obligarunt
1536 2624 1604 2672 nec
1630 2622 1704 2670 non
1730 2610 1770 2672 et
1795 2624 1861 2695 pro

510 2711 635 2781 nlaiori
653 2709 842 2780 euideneia
858 2718 897 2778 et
914 2704 1109 2779 securitate
1125 2707 1301 2802 presentis
1317 2709 1452 2802 publici
1471 2709 1703 2782 instrumenti
1722 2711 1860 2781 domini

508 2817 665 2914 episcopi
689 2817 880 2910 supraditii
908 2819 969 2888 vni
994 2820 1089 2911 parti
1126 2841 1191 2912 per
1228 2820 1377 2891 modum
1403 2823 1597 2894 indenturc
1623 2822 1717 2893 laste
1751 2821 1860 2894 alteri

509 2951 594 3001 vero
620 2931 712 3021 parti
729 2928 878 3021 capituli
905 2923 1022 3021 sigilla
1046 2927 1255 3002 alternatim
1281 2930 1365 3003 sunt
1390 2931 1544 3028 appensa
1563 2975 1571 2992 ·
1592 2933 1859 3005 perfuerunt

508 3041 574 3112 lree
599 3042 637 3111 iu
663 3039 821 3134 capitulo
846 3034 997 3112 ecelefie
1022 3041 1239 3114 cathedralis
1256 3043 1527 3117 Aberdonenlis
1552 3044 1734 3138 sepediste
1759 3069 1857 3117 anno

507 3152 703 3224 indictione
727 3151 942 3246 pontificatu
959 3160 998 3222 et
1015 3151 1075 3222 dle
1091 3156 1318 3246 prenotatis·
1336 3153 1563 3249 presentibus
1590 3153 1754 3227 discretis
1771 3159 1858 3228 viris

507 3265 663 3336 dominis
678 3260 829 3335 Oliuero
847 3262 893 3334 de
910 3261 1022 3333 Fores
1047 3265 1185 3336 restore
1209 3261 1359 3338 ecclesie
1375 3268 1421 3339 de
1440 3266 1543 3362 Logy
1559 3269 1597 3338 in
1615 3266 1829 3339 Bouebania
1847 3308 1855 3324 ·

505 3374 530 3447 J
533 3376 675 3447 ohanne
684 3375 731 3445 dc
742 3372 920 3445 Meldona
933 3383 1110 3467 perpetuo
1124 3375 1256 3447 vicario
1268 3375 1314 3448 de
1328 3375 1505 3449 Lothrclk
1520 3419 1528 3437 ·
1544 3378 1724 3448 lluncano
1737 3375 1856 3449 Blak·

505 3487 675 3559 Jobaunc
692 3485 738 3558 de
755 3485 879 3578 Furuy
896 3484 1093 3577 capellanis
1118 3482 1267 3559 ecclesie
1293 3489 1454 3580 preditis
1472 3527 1481 3546 ·
1498 3487 1668 3559 Jolrannc
1694 3488 1741 3559 de
1760 3487 1857 3582 Fyn·

505 3594 615 3694 gelke
631 3607 806 3691 perpetuo
824 3595 957 3668 vicario
974 3595 1021 3667 dc
1038 3592 1192 3690 Obcyne
1207 3633 1216 3654 ·
1234 3607 1274 3669 et
1289 3596 1459 3672 Jobanne
1476 3600 1522 3672 dc
1541 3599 1752 3694 Dolgarnok
1771 3601 1857 3672 bur·

505 3707 615 3804 gense
643 3707 689 3780 de
716 3706 891 3781 Aberdon
920 3705 1044 3779 Sentii
1072 3706 1222 3779 Andree
1249 3706 1408 3801 dyocesrs
1434 3707 1587 3783 testibus
1614 3711 1659 3783 ad
1688 3711 1855 3804 prcmilla

505 3821 644 3894 vocatis
670 3815 872 3914 specialiter
888 3829 927 3890 et
944 3819 1079 3912 rogatis
1095 3855 1104 3874 ·
1123 3815 1376 3894 Protestantur
1400 3832 1525 3894 tamen
1545 3821 1697 3916 predibii
1715 3823 1854 3898 domini

505 3929 692 4027 episcopus
716 3932 874 4003 decanus
891 3939 931 4002 et
951 3929 1151 4022 capitulum
1170 3931 1265 4022 quod
1283 3954 1348 4026 per
1362 3930 1567 4026 presentem
1585 3934 1853 4008 ordinationem

505 4066 579 4116 non
597 4041 794 4115 intendunt
811 4041 970 4134 antiquis
987 4036 1132 4114 statutis
1148 4043 1186 4115 iu
1203 4041 1326 4136 aliquo
1342 4045 1541 4140 derogare·
