4564 5968
487 731 556 800 192
1006 716 1309 795 REGISTRUM
1670 721 1824 818 [sncum

505 1033 757 1112 Obuculam
784 1055 908 1107 summ
935 1051 1095 1104 Ineunte
1124 1051 1242 1103 IIUIUS
1269 1051 1409 1104 rnorem
1428 1051 1502 1101 PER
1530 1049 1803 1101 suensnlcrunr

639 1170 827 1230 QUONDAM
856 1143 1047 1218 Grumum
1076 1138 1399 1217 ABERDONENSEM
1427 1162 1647 1215 EPISGOPUM
1674 1181 1682 1196 ·

494 1352 685 1469 Imprimis
702 1383 775 1444 tres
792 1391 905 1463 cappe
922 1366 983 1438 seu
997 1366 1094 1460 pulle
1120 1391 1166 1440 ex
1189 1390 1276 1440 auro
1294 1365 1411 1440 textili
1429 1361 1587 1461 precioso
1604 1363 1677 1436 albi
1701 1361 1830 1435 coloris

490 1508 574 1560 cnm
592 1484 742 1576 limbrijs
756 1479 873 1553 aureis
886 1473 1025 1550 summo
1043 1479 1195 1553 artificio
1208 1480 1390 1552 contextis
1417 1519 1425 1536 ·
1444 1501 1514 1550 vnn
1525 1476 1671 1572 egregia
1685 1469 1801 1546 casula
1819 1512 1827 1529 ·

491 1600 563 1668 due
574 1591 751 1694 tunicelle
769 1599 807 1662 et
818 1589 889 1661 due
903 1588 1097 1662 dalmatice
1115 1615 1161 1663 ex
1172 1591 1301 1662 eodem
1314 1613 1488 1663 unrocum
1505 1587 1655 1681 limbrijs
1667 1582 1830 1657 similiter

491 1731 574 1780 eum
593 1705 710 1777 tribus
727 1703 850 1795 orarijs
864 1698 924 1773 seu
941 1698 1042 1773 stolis
1061 1710 1100 1774 et
1117 1704 1276 1795 quinque
1302 1701 1489 1796 manipulis
1507 1701 1667 1794 quinque
1683 1696 1775 1770 olbIs
1791 1707 1830 1767 et

492 1817 646 1890 totidem
658 1814 798 1886 emistis
812 1835 967 1886 unacum
982 1814 1113 1908 viginti
1130 1815 1290 1906 quinque
1300 1815 1511 1908 paramentis
1525 1808 1683 1884 eiusdem
1701 1807 1829 1880 coloris

495 1941 533 2001 et
551 1927 625 2000 tele
651 1948 760 1997 auree
777 1948 860 1997 curn
878 1923 940 1996 sex
957 1926 1057 1996 zonis
1084 1924 1214 2019 biperti
1232 1923 1360 1996 eoloris
1377 1947 1526 1997 mecum
1544 1945 1635 1996 zona
1651 1918 1762 1992 serien
1779 1919 1830 1988 vi-

493 2040 581 2112 ridis
598 2036 728 2112 eoloris
745 2059 809 2130 pro
836 2036 1008 2130 pontifice
1034 2057 1117 2106 cum
1142 2034 1297 2130 globulis
1314 2037 1427 2106 aureis
1451 2023 1741 2130 dependentibus
1766 2053 1830 2124 pro

494 2148 593 2223 sestis
607 2146 827 2221 solemnibus
845 2188 854 2204 ·

544 2261 640 2333 Item
660 2256 817 2331 eiusdem
837 2258 910 2330 tole
928 2281 1037 2329 auree
1054 2267 1209 2351 quatuor
1225 2256 1420 2349 puluinaria
1438 2281 1519 2329 enm
1539 2257 1766 2352 duplicatum
1783 2277 1829 2325 ex

496 2373 598 2445 viridi
627 2369 715 2443 bilso
733 2393 816 2443 cum
843 2371 950 2443 armis
972 2369 1058 2440 dicti
1086 2367 1232 2440 Domini
1252 2364 1403 2462 episcopi
1429 2368 1585 2462 globulis
1602 2365 1767 2440 similiter
1783 2389 1828 2436 ex

493 2510 582 2558 auro
600 2496 639 2556 et
658 2479 745 2555 bisso
764 2492 804 2554 rt
821 2481 927 2555 decet
939 2477 1122 2552 honestis·

546 2595 643 2668 Item
658 2591 917 2688 antependium
932 2593 1054 2688 magni
1068 2591 1193 2663 altoris
1207 2614 1253 2662 ex
1266 2589 1341 2663 tela
1354 2614 1457 2662 aurea
1469 2588 1599 2662 coloris
1614 2589 1737 2661 viridis
1747 2610 1829 2660 cum

494 2711 602 2780 armis
625 2706 784 2781 eiusdem
810 2705 946 2776 domini
966 2703 1121 2799 episcopi
1134 2705 1247 2776 forma
1263 2705 1404 2798 egregia
1422 2703 1635 2774 sobrieatnm
1653 2700 1698 2772 nd
1718 2699 1831 2792 longi·

494 2821 660 2892 tudinem
678 2816 906 2890 disinteria
924 2855 932 2876 ·

547 2931 641 3002 Item
661 2932 785 3002 tunica
802 2927 1046 3000 etdalmatiea
1064 2950 1109 2998 ex
1128 2925 1201 2998 telu
1213 2924 1361 3020 pulchra
1378 2924 1469 2996 lieris
1487 2926 1644 3017 palmato
1663 2947 1727 3018 pro
1744 2945 1832 3018 pon-

495 3043 592 3114 tifice
610 3063 693 3112 eum
711 3036 918 3111 solemniter
935 3038 1096 3111 celebrat
1110 3060 1262 3110 unacum
1283 3035 1480 3109 sandalibus
1505 3061 1550 3109 cx
1569 3061 1656 3110 auro
1670 3029 1831 3132 pretiosis

494 3153 695 3248 lirpmdibto
713 3173 795 3223 cum
813 3151 937 3246 caligis
955 3150 1055 3222 rubei
1070 3149 1198 3222 eoloris
1215 3145 1339 3243 cerustj
1359 3160 1460 3242 prout
1474 3151 1606 3222 decet·

539 3263 633 3334 Item
646 3258 737 3334 stolo
750 3263 894 3357 egregia
907 3283 971 3354 pro
982 3262 1154 3354 pontifice
1168 3285 1213 3332 ex
1229 3257 1317 3332 bilI'o
1328 3259 1447 3334 villosa
1460 3262 1593 3334 cerulei
1609 3261 1737 3333 eoloris
1748 3280 1828 3330 cum

494 3378 620 3448 «locem
640 3375 779 3469 magnis
795 3371 952 3468 globulis
970 3394 1017 3443 ex
1033 3396 1121 3444 auro
1135 3395 1218 3444 cnm
1235 3374 1396 3466 pontifex
1414 3375 1606 3467 exequitur
1619 3374 1775 3446 officium
1794 3371 1830 3440 in

495 3485 768 3558 solemnioribus
786 3479 884 3556 sestis
900 3505 983 3556 cunr
998 3485 1107 3556 ermis
1123 3495 1162 3557 et
1180 3485 1290 3558 verbo
1307 3482 1459 3558 eiusdem
1479 3527 1487 3544 ·

546 3597 640 3669 Item
660 3595 824 3668 velamen
850 3596 1060 3668 honorabile
1084 3597 1362 3693 etmagnificum
1383 3621 1427 3669 ex
1446 3593 1531 3668 bilso
1548 3597 1675 3670 villosa
1698 3593 1830 3668 cerulei

494 3709 624 3781 eoloris
635 3730 718 3780 cum
732 3702 988 3781 decentissimis
1002 3710 1150 3802 picturis
1163 3732 1209 3780 ex
1226 3731 1313 3780 auro
1331 3712 1508 3782 contextis
1526 3733 1679 3783 soccum
1697 3701 1832 3780 l'ullen-

495 3819 625 3894 taculis
651 3819 780 3916 ligneIs
805 3832 844 3891 et
870 3819 1007 3893 buculis
1034 3843 1141 3914 quum
1170 3821 1367 3893 honorifice
1389 3821 1538 3916 depuis
1561 3845 1645 3894 eum
1674 3813 1831 3892 honestis

494 3932 658 4006 clunibus
675 3931 800 4004 ferreis
816 3931 860 4003 ad
873 3931 1101 4027 dirigendum
1116 3928 1317 4004 huiusmodi
1332 3929 1566 4006 sustentaculo
1579 3935 1709 4006 domus
1719 3931 1832 4004 socro-

493 4047 608 4117 menti
627 4065 711 4116 cum
735 4041 892 4138 globulis
909 4067 996 4115 auro
1014 4045 1191 4116 decoratis
1208 4067 1291 4117 cum
1310 4042 1426 4116 mensa
1447 4045 1491 4117 ud
1518 4045 1752 4118 deserendum
1773 4065 1831 4112 re·

494 4156 656 4230 nembile
682 4152 944 4228 sacramentnm
971 4178 1052 4226 cunr
1081 4154 1250 4250 mappula
1276 4167 1315 4229 et
1340 4157 1551 4251 antependio
1579 4182 1661 4231 cum
1698 4156 1830 4230 litteris

493 4271 612 4342 eureis
630 4269 800 4341 decorata
824 4277 864 4338 et
888 4263 1074 4360 seripturis
1091 4269 1274 4340 contextis
1292 4279 1393 4361 prom
1417 4268 1521 4342 decet
1539 4270 1664 4343 dorrrui
1685 4269 1752 4341 Dei
1777 4269 1829 4340 in·

494 4381 684 4455 tuentibus
702 4380 853 4452 eandem
873 4422 882 4438 ·

525 4493 622 4566 Item
634 4502 790 4588 quatuor
801 4489 974 4564 tunicellc
985 4515 1031 4564 ex
1044 4489 1163 4564 sericis
1173 4515 1237 4586 pro
1248 4491 1476 4587 thurisemrijs
1487 4494 1733 4590 tlmribularijs
1744 4516 1827 4568 enm

492 4602 749 4700 quatuorslbis
760 4611 796 4676 et
807 4603 948 4674 nutristis
965 4626 1049 4676 cum
1061 4625 1174 4701 cappa
1185 4605 1479 4698 proerueiserorio
1496 4631 1541 4678 ex
1554 4630 1624 4680 rna
1645 4621 1681 4680 et
1700 4607 1825 4680 eadem
