4564 5968
511 796 612 892 xvc]
965 796 1371 874 nnnnnounnsn
1783 811 1855 921 roo

505 997 657 1092 desuper
681 998 775 1071 sadra
799 993 995 1075 nominatis
1021 1010 1060 1073 et
1082 1001 1129 1072 ad
1146 1001 1387 1071 intentionem
1413 997 1614 1069 fundatoris
1639 1009 1749 1093 prout
1767 1001 1848 1074 Deo

503 1107 719 1204 respondere
735 1112 917 1187 voluerint
942 1113 1087 1206 quando
1103 1112 1150 1183 de
1167 1111 1267 1181 lastis
1292 1107 1364 1179 suis
1390 1104 1542 1205 proprijs
1567 1109 1744 1182 reddituri
1763 1111 1846 1185 sunt

503 1224 680 1296 rationem
698 1234 738 1297 et
754 1248 828 1297 non
844 1225 977 1299 aliter·
1087 1203 1099 1228 ¹

554 1332 651 1408 Item
679 1359 744 1432 pro
772 1335 837 1410 sex
861 1338 966 1411 ceriis
996 1335 1102 1429 super
1126 1353 1297 1425 magnum
1327 1329 1442 1403 altare
1467 1342 1506 1405 ct
1529 1335 1624 1407 circa
1651 1331 1847 1407 scabellum

502 1459 727 1522 mortuomm
743 1446 768 1546 ij
788 1453 817 1522 ἔ.

551 1560 647 1636 Item
664 1557 807 1635 sacriste
831 1583 896 1655 pro
913 1577 1169 1651 campanarum
1185 1551 1388 1648 pulsatione
1405 1551 1466 1650 xvj
1488 1553 1523 1630 d.

551 1672 648 1747 Item
663 1672 726 1746 sex
751 1671 955 1745 choralibus
972 1664 1166 1740 tonsoratis
1192 1662 1340 1738 ecclesie
1366 1667 1582 1740 cathedralis
1607 1679 1647 1740 et
1672 1664 1734 1741 sex
1762 1669 1847 1742 cho·

500 1785 635 1859 talibus
660 1782 861 1880 supradide
890 1774 1039 1853 ecclesie
1064 1776 1256 1873 collegiate
1283 1775 1509 1873 presentibus
1534 1781 1571 1851 in
1596 1765 1844 1853 anniuersario

409 2085 415 2096 ,
549 2009 647 2083 Item
672 2004 894 2103 procuratori
911 2005 1094 2076 communi
1121 2002 1297 2074 didomm
1316 2005 1530 2077 vicariorum
1556 2027 1621 2099 pro
1646 2003 1719 2078 suis
1745 2005 1846 2078 labo-

498 2124 598 2195 ribus
608 2118 764 2192 fideliter
775 2112 1019 2187 miuistrandis
1031 2124 1140 2210 prout
1151 2113 1231 2187 Deo
1244 2115 1460 2210 respondere
1471 2116 1655 2191 voluerint
1668 2119 1692 2213 ij
1706 2121 1736 2192 ἔ.
1755 2115 1790 2216 vj
1805 2116 1843 2190 d.

549 2234 646 2307 Item
663 2226 881 2325 pauperibus
905 2226 1076 2299 videlicet
1093 2249 1170 2298 xxx
1188 2225 1331 2300 senibus
1347 2237 1387 2300 et
1403 2226 1667 2303 miserabilibus
1683 2231 1844 2326 personis

497 2357 537 2420 ct
554 2366 604 2418 xv
614 2339 829 2437 pauperibus
846 2335 1041 2411 scolaribus
1057 2338 1210 2412 cuilibet
1226 2341 1424 2412 eorundem
1443 2364 1554 2413 vnum
1575 2339 1747 2439 [panem]
1770 2343 1844 2416 sru-

497 2458 613 2531 menti
638 2455 792 2526 duomm
810 2451 1038 2522 denariorum
1062 2460 1102 2522 et
1128 2451 1218 2522 duos
1235 2474 1403 2526 nummos
1428 2455 1569 2550 argenti
1596 2465 1746 2528 monete
1763 2480 1844 2528 cur·

496 2569 610 2642 rentis
626 2606 635 2625 ·
654 2563 918 2636 Summanus.
1469 2651 1478 2664 ι

546 2678 643 2752 Item
670 2669 816 2770 leprosis
840 2674 963 2770 oppidi
987 2673 1033 2745 dc
1058 2671 1231 2744 Aberdcn
1258 2670 1320 2744 sex
1347 2697 1459 2768 panes
1483 2676 1656 2749 frumenti
1688 2678 1840 2751 duorum

496 2792 723 2864 denariorum
742 2794 781 2859 et
798 2782 847 2881 xij
867 2807 1034 2856 nummos
1056 2787 1196 2880 argenti
1216 2785 1403 2880 utsupra·
1431 2786 1582 2861 Summa
1599 2787 1622 2886 ij
1643 2793 1672 2862 ἔ.

546 2900 644 2975 Item
661 2898 711 2994 xij
730 2898 947 2994 pauperibus
959 2894 1146 2992 hospitalis
1159 2898 1265 2970 beate
1280 2896 1400 2970 lllarie
1411 2899 1505 2972 inira
1517 2903 1708 2974 canoniam
1723 2903 1842 2976 Aber-

496 3011 689 3088 donensem
701 3012 751 3104 xij
762 3033 874 3105 panes
885 3010 1058 3081 immenti
1069 3010 1221 3081 duorum
1234 3012 1463 3083 donariorum
1476 3051 1484 3070 ·
1497 3024 1535 3084 et
1548 3014 1700 3086 cuilibet
1712 3039 1842 3088 eorun-

497 3128 579 3200 dem
597 3121 647 3222 iiij
668 3144 836 3195 nummos
860 3129 1009 3194 monete
1026 3123 1208 3194 antedidc
1233 3163 1242 3180 ·
1270 3121 1423 3196 Summa
1439 3122 1474 3220 vj
1493 3126 1523 3197 ἔ.

545 3236 641 3310 Item
667 3235 813 3331 precoui
831 3256 895 3328 per
910 3232 1101 3332 ciuitatem
1117 3257 1182 3329 pro
1198 3233 1427 3308 aunucrsario
1445 3234 1664 3311 celebrando
1680 3237 1705 3334 ij
1724 3237 1761 3312 d.

693 3344 845 3419 Summa
863 3353 903 3416 rt
926 3341 1031 3438 supra
1068 3398 1077 3416 .
1178 3399 1187 3418 .
1287 3343 1325 3442 iij
1345 3346 1409 3418 lib.
1427 3345 1466 3444 iij
1485 3351 1516 3422 ἔ.
1531 3347 1581 3445 iiij
1601 3346 1637 3423 d.

812 3681 1114 3755 Aunruersrnm
1131 3695 1268 3750 nensis
1283 3678 1475 3752 Jrsurrrr
1494 3720 1502 3737 ·

544 3909 770 3984 Duodecimn
787 3903 950 4002 Januarij
970 3897 1253 3978 anniuersarium
1272 3925 1337 3996 pro
1353 3903 1475 3976 anima
1491 3903 1628 3977 domini
1654 3903 1837 3980 Willelmi

495 4022 601 4121 Lyell
630 4020 807 4117 capellani
841 4016 927 4092 dicti
947 4017 1044 4090 chori
1072 4021 1112 4088 et
1137 4010 1260 4110 vicarij
1288 4013 1335 4086 de
1360 4013 1580 4110 Logydumo
1597 4014 1661 4114 xiij
1681 4019 1712 4091 ἔ.
1729 4019 1781 4113 iiij
1799 4018 1836 4091 d.

493 4137 539 4210 de
567 4133 683 4208 cresto
702 4128 861 4228 magistri
878 4129 1017 4202 Thome
1038 4123 1212 4220 Obalmyr
1227 4125 1316 4197 olim
1332 4127 1450 4199 curati
1473 4127 1520 4200 de
1543 4126 1709 4201 Abirden
1738 4152 1837 4203 nunc

491 4246 671 4322 Iohannis
688 4243 774 4338 Hey
789 4241 1006 4336 suorumque
1022 4235 1197 4312 heredum
1214 4237 1310 4331 apud
1320 4247 1462 4334 portam
1474 4238 1657 4314 furcarum
1671 4262 1720 4313 ex
1734 4254 1838 4336 parte

493 4355 660 4434 orientali
672 4357 837 4430 iacente·

543 4469 683 4544 Eodem
700 4467 760 4541 die
784 4463 1065 4540 anniuersarium
1092 4461 1245 4535 chrici
1270 4459 1464 4558 Lychtoun
1480 4459 1617 4557 sueque
1635 4463 1756 4536 uxoris
1771 4463 1837 4562 xiij

492 4587 521 4661 ἔ.
540 4580 592 4680 iiij
606 4579 644 4656 d.
661 4581 708 4656 de
723 4574 908 4656 mansione
924 4578 970 4652 de
988 4574 1153 4677 Kynlrcll
1171 4575 1263 4647 infra
1276 4575 1465 4649 canoniam
1484 4569 1777 4649 Abirdonensem
1795 4615 1804 4632 ·

541 4715 687 4772 roam
1138 4692 1206 4761 21>
