<?xml version="1.0" encoding="UTF-8"?>
<!DOCTYPE html PUBLIC "-//W3C//DTD XHTML 1.0 Transitional//EN"
    "http://www.w3.org/TR/xhtml1/DTD/xhtml1-transitional.dtd">
<html xmlns="http://www.w3.org/1999/xhtml" xml:lang="en" lang="en">
 <head>
  <title>
</title>
<meta http-equiv="Content-Type" content="text/html;charset=utf-8" />
  <meta name='ocr-system' content='tesseract 3.04.00' />
  <meta name='ocr-capabilities' content='ocr_page ocr_carea ocr_par ocr_line ocrx_word'/>
</head>
<body>
  <div class='ocr_page' id='page_1' title='image "./registrumepisco00innegoog_0065.png"; bbox 0 0 4590 5954; ppageno 0'>
   <div class='ocr_carea' id='block_1_1' title="bbox 966 692 1779 794">
    <p class='ocr_par' dir='ltr' id='par_1_1' title="bbox 966 692 1779 794">
     <span class='ocr_line' id='line_1_1' title="bbox 966 692 1779 794; baseline 0.002 -28"><span class='ocrx_word' id='word_1_1' title='bbox 966 692 1270 768; x_wconf 87' lang='lat' dir='ltr'>REGISTRUM</span> <span class='ocrx_word' id='word_1_2' title='bbox 1629 698 1779 794; x_wconf 80' lang='lat' dir='ltr'><strong>[ancum</strong></span> 
     </span>
    </p>
   </div>
   <div class='ocr_carea' id='block_1_2' title="bbox 563 1000 1667 1098">
    <p class='ocr_par' dir='ltr' id='par_1_2' title="bbox 563 1000 1667 1098">
     <span class='ocr_line' id='line_1_2' title="bbox 563 1000 1667 1098; baseline -0.001 -18"><span class='ocrx_word' id='word_1_3' title='bbox 563 1007 694 1080; x_wconf 91' lang='lat' dir='ltr'>XXII.</span> <span class='ocrx_word' id='word_1_4' title='bbox 723 1006 783 1080; x_wconf 90' lang='lat' dir='ltr'><strong>Ne</strong></span> <span class='ocrx_word' id='word_1_5' title='bbox 800 1007 922 1080; x_wconf 88' lang='lat' dir='ltr'><strong>olorioi</strong></span> <span class='ocrx_word' id='word_1_6' title='bbox 940 1005 999 1078; x_wconf 75' lang='lat' dir='ltr'><strong>uel</strong></span> <span class='ocrx_word' id='word_1_7' title='bbox 1015 1004 1181 1078; x_wconf 85' lang='lat' dir='ltr'><strong>monaehi</strong></span> <span class='ocrx_word' id='word_1_8' title='bbox 1199 1000 1235 1075; x_wconf 86' lang='lat' dir='ltr'><strong>se</strong></span> <span class='ocrx_word' id='word_1_9' title='bbox 1253 1003 1403 1098; x_wconf 83' lang='lat' dir='ltr'><strong>negotija</strong></span> <span class='ocrx_word' id='word_1_10' title='bbox 1419 1002 1667 1079; x_wconf 82' lang='lat' dir='ltr'><strong>Immisoeant·</strong></span> 
     </span>
    </p>
   </div>
   <div class='ocr_carea' id='block_1_3' title="bbox 450 1225 1783 2434">
    <p class='ocr_par' dir='ltr' id='par_1_3' title="bbox 450 1225 1783 2434">
     <span class='ocr_line' id='line_1_3' title="bbox 451 1225 1782 1321; baseline -0.001 -20"><span class='ocrx_word' id='word_1_11' title='bbox 451 1229 544 1302; x_wconf 88' lang='lat' dir='ltr'><strong>Cum</strong></span> <span class='ocrx_word' id='word_1_12' title='bbox 571 1233 648 1302; x_wconf 87' lang='lat' dir='ltr'><strong>iure</strong></span> <span class='ocrx_word' id='word_1_13' title='bbox 673 1231 797 1302; x_wconf 89' lang='lat' dir='ltr'><strong>diuino</strong></span> <span class='ocrx_word' id='word_1_14' title='bbox 822 1242 861 1301; x_wconf 86' lang='lat' dir='ltr'><strong>et</strong></span> <span class='ocrx_word' id='word_1_15' title='bbox 885 1230 1044 1302; x_wconf 86' lang='lat' dir='ltr'><strong>humano</strong></span> <span class='ocrx_word' id='word_1_16' title='bbox 1068 1238 1240 1301; x_wconf 83' lang='lat' dir='ltr'><strong>caueatur</strong></span> <span class='ocrx_word' id='word_1_17' title='bbox 1264 1225 1358 1321; x_wconf 87' lang='lat' dir='ltr'><strong>quod</strong></span> <span class='ocrx_word' id='word_1_18' title='bbox 1385 1247 1492 1297; x_wconf 86' lang='lat' dir='ltr'><strong>nemo</strong></span> <span class='ocrx_word' id='word_1_19' title='bbox 1523 1226 1682 1299; x_wconf 81' lang='lat' dir='ltr'><strong>militane</strong></span> <span class='ocrx_word' id='word_1_20' title='bbox 1703 1227 1782 1300; x_wconf 88' lang='lat' dir='ltr'><strong>Deo</strong></span> 
     </span>
     <span class='ocr_line' id='line_1_4' title="bbox 451 1337 1782 1437; baseline -0.002 -25"><span class='ocrx_word' id='word_1_21' title='bbox 451 1343 615 1437; x_wconf 84' lang='lat' dir='ltr'><strong>implicet</strong></span> <span class='ocrx_word' id='word_1_22' title='bbox 640 1340 676 1414; x_wconf 92' lang='lat' dir='ltr'><strong>se</strong></span> <span class='ocrx_word' id='word_1_23' title='bbox 701 1343 860 1436; x_wconf 85' lang='lat' dir='ltr'><strong>negocijs</strong></span> <span class='ocrx_word' id='word_1_24' title='bbox 888 1337 1107 1413; x_wconf 80' lang='lat' dir='ltr'><strong>secularibus</strong></span> <span class='ocrx_word' id='word_1_25' title='bbox 1132 1337 1321 1412; x_wconf 81' lang='lat' dir='ltr'><strong>statuImue</strong></span> <span class='ocrx_word' id='word_1_26' title='bbox 1345 1337 1436 1432; x_wconf 88' lang='lat' dir='ltr'><strong>quod</strong></span> <span class='ocrx_word' id='word_1_27' title='bbox 1464 1358 1571 1406; x_wconf 85' lang='lat' dir='ltr'><strong>nomo</strong></span> <span class='ocrx_word' id='word_1_28' title='bbox 1599 1337 1782 1434; x_wconf 78' lang='lat' dir='ltr'><strong>religiosus</strong></span> 
     </span>
     <span class='ocr_line' id='line_1_5' title="bbox 453 1447 1783 1545; baseline -0.003 -19"><span class='ocrx_word' id='word_1_29' title='bbox 453 1463 518 1526; x_wconf 89' lang='lat' dir='ltr'><strong>aut</strong></span> <span class='ocrx_word' id='word_1_30' title='bbox 535 1451 736 1527; x_wconf 83' lang='lat' dir='ltr'>sacerdotes</span> <span class='ocrx_word' id='word_1_31' title='bbox 754 1452 810 1525; x_wconf 80' lang='lat' dir='ltr'><strong>rel</strong></span> <span class='ocrx_word' id='word_1_32' title='bbox 829 1452 950 1526; x_wconf 85' lang='lat' dir='ltr'><strong>clerici</strong></span> <span class='ocrx_word' id='word_1_33' title='bbox 976 1449 1103 1524; x_wconf 71' lang='lat' dir='ltr'><strong>suauis</strong></span> <span class='ocrx_word' id='word_1_34' title='bbox 1119 1448 1276 1545; x_wconf 84' lang='lat' dir='ltr'><strong>eoelesrjs</strong></span> <span class='ocrx_word' id='word_1_35' title='bbox 1293 1447 1419 1524; x_wconf 75' lang='lat' dir='ltr'><strong>astristi</strong></span> <span class='ocrx_word' id='word_1_36' title='bbox 1436 1449 1572 1520; x_wconf 76' lang='lat' dir='ltr'><strong>autores</strong></span> <span class='ocrx_word' id='word_1_37' title='bbox 1589 1447 1646 1518; x_wconf 86' lang='lat' dir='ltr'><strong>vel</strong></span> <span class='ocrx_word' id='word_1_38' title='bbox 1671 1449 1783 1522; x_wconf 89' lang='lat' dir='ltr'><strong>admi·</strong></span> 
     </span>
     <span class='ocr_line' id='line_1_6' title="bbox 452 1557 1781 1660; baseline -0.002 -25"><span class='ocrx_word' id='word_1_39' title='bbox 452 1561 660 1637; x_wconf 82' lang='lat' dir='ltr'><strong>nistratorea</strong></span> <span class='ocrx_word' id='word_1_40' title='bbox 679 1561 890 1636; x_wconf 77' lang='lat' dir='ltr'>secularium</span> <span class='ocrx_word' id='word_1_41' title='bbox 916 1559 1144 1656; x_wconf 88' lang='lat' dir='ltr'><strong>personarum</strong></span> <span class='ocrx_word' id='word_1_42' title='bbox 1160 1565 1198 1636; x_wconf 93' lang='lat' dir='ltr'><strong>in</strong></span> <span class='ocrx_word' id='word_1_43' title='bbox 1215 1563 1370 1660; x_wconf 80' lang='lat' dir='ltr'><strong>negooijs</strong></span> <span class='ocrx_word' id='word_1_44' title='bbox 1385 1558 1601 1634; x_wconf 80' lang='lat' dir='ltr'><strong>secularibus</strong></span> <span class='ocrx_word' id='word_1_45' title='bbox 1618 1557 1707 1632; x_wconf 84' lang='lat' dir='ltr'><strong>fiant</strong></span> <span class='ocrx_word' id='word_1_46' title='bbox 1723 1561 1781 1632; x_wconf 81' lang='lat' dir='ltr'><strong>vel</strong></span> 
     </span>
     <span class='ocr_line' id='line_1_7' title="bbox 452 1667 1781 1770; baseline -0.005 -22"><span class='ocrx_word' id='word_1_47' title='bbox 452 1673 776 1748; x_wconf 81' lang='lat' dir='ltr'><strong>administrationes</strong></span> <span class='ocrx_word' id='word_1_48' title='bbox 802 1675 849 1746; x_wconf 89' lang='lat' dir='ltr'><strong>ab</strong></span> <span class='ocrx_word' id='word_1_49' title='bbox 874 1675 927 1745; x_wconf 80' lang='lat' dir='ltr'><strong>eia</strong></span> <span class='ocrx_word' id='word_1_50' title='bbox 953 1696 1072 1746; x_wconf 86' lang='lat' dir='ltr'><strong>rerum</strong></span> <span class='ocrx_word' id='word_1_51' title='bbox 1101 1672 1163 1747; x_wconf 89' lang='lat' dir='ltr'><strong>seu</strong></span> <span class='ocrx_word' id='word_1_52' title='bbox 1192 1677 1413 1770; x_wconf 80' lang='lat' dir='ltr'><strong>negotiomm</strong></span> <span class='ocrx_word' id='word_1_53' title='bbox 1438 1667 1650 1744; x_wconf 76' lang='lat' dir='ltr'>secularium</span> <span class='ocrx_word' id='word_1_54' title='bbox 1676 1667 1781 1744; x_wconf 85' lang='lat' dir='ltr'><strong>susei-</strong></span> 
     </span>
     <span class='ocr_line' id='line_1_8' title="bbox 451 1779 1778 1881; baseline -0.005 -22"><span class='ocrx_word' id='word_1_55' title='bbox 451 1789 553 1881; x_wconf 83' lang='lat' dir='ltr'><strong>pIant</strong></span> <span class='ocrx_word' id='word_1_56' title='bbox 581 1809 646 1880; x_wconf 88' lang='lat' dir='ltr'><strong>per</strong></span> <span class='ocrx_word' id='word_1_57' title='bbox 670 1808 757 1879; x_wconf 79' lang='lat' dir='ltr'><strong>quas</strong></span> <span class='ocrx_word' id='word_1_58' title='bbox 783 1786 828 1857; x_wconf 86' lang='lat' dir='ltr'><strong>ad</strong></span> <span class='ocrx_word' id='word_1_59' title='bbox 854 1785 1043 1857; x_wconf 86' lang='lat' dir='ltr'><strong>ratiocinia</strong></span> <span class='ocrx_word' id='word_1_60' title='bbox 1072 1795 1264 1858; x_wconf 88' lang='lat' dir='ltr'><strong>teneantm</strong></span> <span class='ocrx_word' id='word_1_61' title='bbox 1292 1779 1487 1879; x_wconf 90' lang='lat' dir='ltr'><strong>neetips1</strong></span> <span class='ocrx_word' id='word_1_62' title='bbox 1512 1783 1550 1854; x_wconf 92' lang='lat' dir='ltr'><strong>in</strong></span> <span class='ocrx_word' id='word_1_63' title='bbox 1575 1779 1778 1855; x_wconf 79' lang='lat' dir='ltr'><strong>scandalum</strong></span> 
     </span>
     <span class='ocr_line' id='line_1_9' title="bbox 451 1889 1780 1991; baseline -0.003 -21"><span class='ocrx_word' id='word_1_64' title='bbox 451 1893 600 1970; x_wconf 76' lang='lat' dir='ltr'><strong>eoeleste</strong></span> <span class='ocrx_word' id='word_1_65' title='bbox 616 1920 681 1991; x_wconf 87' lang='lat' dir='ltr'><strong>per</strong></span> <span class='ocrx_word' id='word_1_66' title='bbox 697 1894 893 1968; x_wconf 86' lang='lat' dir='ltr'><strong>secularem</strong></span> <span class='ocrx_word' id='word_1_67' title='bbox 918 1897 1119 1988; x_wconf 89' lang='lat' dir='ltr'><strong>potentiam</strong></span> <span class='ocrx_word' id='word_1_68' title='bbox 1142 1898 1301 1990; x_wconf 79' lang='lat' dir='ltr'><strong>grauiter</strong></span> <span class='ocrx_word' id='word_1_69' title='bbox 1320 1897 1563 1990; x_wconf 78' lang='lat' dir='ltr'><strong>opprimantur</strong></span> <span class='ocrx_word' id='word_1_70' title='bbox 1578 1905 1618 1967; x_wconf 90' lang='lat' dir='ltr'><strong>et</strong></span> <span class='ocrx_word' id='word_1_71' title='bbox 1633 1889 1780 1967; x_wconf 75' lang='lat' dir='ltr'><strong>ecclesie</strong></span> 
     </span>
     <span class='ocr_line' id='line_1_10' title="bbox 452 2001 1780 2102; baseline 0 -22"><span class='ocrx_word' id='word_1_72' title='bbox 452 2006 515 2081; x_wconf 83' lang='lat' dir='ltr'><strong>srbi</strong></span> <span class='ocrx_word' id='word_1_73' title='bbox 533 2004 714 2082; x_wconf 86' lang='lat' dir='ltr'><strong>commisse</strong></span> <span class='ocrx_word' id='word_1_74' title='bbox 731 2029 778 2078; x_wconf 87' lang='lat' dir='ltr'><strong>ex</strong></span> <span class='ocrx_word' id='word_1_75' title='bbox 794 2007 863 2076; x_wconf 88' lang='lat' dir='ltr'><strong>hoo</strong></span> <span class='ocrx_word' id='word_1_76' title='bbox 880 2007 1078 2076; x_wconf 78' lang='lat' dir='ltr'><strong>enormiter</strong></span> <span class='ocrx_word' id='word_1_77' title='bbox 1098 2005 1265 2079; x_wconf 75' lang='lat' dir='ltr'><strong>ludantur</strong></span> <span class='ocrx_word' id='word_1_78' title='bbox 1281 2047 1291 2065; x_wconf 92' lang='lat'><strong>·</strong></span> <span class='ocrx_word' id='word_1_79' title='bbox 1310 2006 1425 2091; x_wconf 85' lang='lat' dir='ltr'><strong>Quare</strong></span> <span class='ocrx_word' id='word_1_80' title='bbox 1442 2001 1469 2078; x_wconf 83' lang='lat' dir='ltr'><strong>st</strong></span> <span class='ocrx_word' id='word_1_81' title='bbox 1485 2006 1596 2102; x_wconf 77' lang='lat' dir='ltr'><strong>alioui</strong></span> <span class='ocrx_word' id='word_1_82' title='bbox 1613 2003 1780 2080; x_wconf 79' lang='lat' dir='ltr'><strong>aduersus</strong></span> 
     </span>
     <span class='ocr_line' id='line_1_11' title="bbox 451 2111 1779 2212; baseline -0.002 -20"><span class='ocrx_word' id='word_1_83' title='bbox 451 2121 518 2192; x_wconf 89' lang='lat' dir='ltr'><strong>hoo</strong></span> <span class='ocrx_word' id='word_1_84' title='bbox 549 2116 779 2212; x_wconf 85' lang='lat' dir='ltr'><strong>impostorum</strong></span> <span class='ocrx_word' id='word_1_85' title='bbox 805 2117 927 2188; x_wconf 82' lang='lat' dir='ltr'><strong>venite</strong></span> <span class='ocrx_word' id='word_1_86' title='bbox 955 2111 1231 2210; x_wconf 83' lang='lat' dir='ltr'><strong>presumpserint</strong></span> <span class='ocrx_word' id='word_1_87' title='bbox 1255 2118 1301 2189; x_wconf 89' lang='lat' dir='ltr'><strong>ab</strong></span> <span class='ocrx_word' id='word_1_88' title='bbox 1326 2113 1557 2190; x_wconf 77' lang='lat' dir='ltr'><strong>ecelofiastiao</strong></span> <span class='ocrx_word' id='word_1_89' title='bbox 1583 2115 1779 2192; x_wconf 73' lang='lat' dir='ltr'><strong>ministerio</strong></span> 
     </span>
     <span class='ocr_line' id='line_1_12' title="bbox 450 2224 1778 2322; baseline -0.001 -19"><span class='ocrx_word' id='word_1_90' title='bbox 450 2231 538 2302; x_wconf 84' lang='lat' dir='ltr'><strong>siant</strong></span> <span class='ocrx_word' id='word_1_91' title='bbox 557 2229 664 2300; x_wconf 87' lang='lat' dir='ltr'><strong>alieni</strong></span> <span class='ocrx_word' id='word_1_92' title='bbox 683 2250 746 2322; x_wconf 90' lang='lat' dir='ltr'><strong>pro</strong></span> <span class='ocrx_word' id='word_1_93' title='bbox 760 2251 802 2298; x_wconf 86' lang='lat' dir='ltr'><strong>oo</strong></span> <span class='ocrx_word' id='word_1_94' title='bbox 816 2226 911 2318; x_wconf 90' lang='lat' dir='ltr'><strong>quod</strong></span> <span class='ocrx_word' id='word_1_95' title='bbox 930 2224 1088 2298; x_wconf 83' lang='lat' dir='ltr'><strong>clericali</strong></span> <span class='ocrx_word' id='word_1_96' title='bbox 1106 2226 1220 2298; x_wconf 87' lang='lat' dir='ltr'><strong>officio</strong></span> <span class='ocrx_word' id='word_1_97' title='bbox 1239 2225 1398 2322; x_wconf 70' lang='lat' dir='ltr'><strong>neglosto</strong></span> <span class='ocrx_word' id='word_1_98' title='bbox 1414 2225 1581 2302; x_wconf 69' lang='lat' dir='ltr'><strong>fluetibus</strong></span> <span class='ocrx_word' id='word_1_99' title='bbox 1596 2226 1704 2302; x_wconf 87' lang='lat' dir='ltr'><strong>seculi</strong></span> <span class='ocrx_word' id='word_1_100' title='bbox 1722 2230 1778 2303; x_wconf 87' lang='lat' dir='ltr'><strong>vei</strong></span> 
     </span>
     <span class='ocr_line' id='line_1_13' title="bbox 451 2335 1203 2434; baseline 0 -24"><span class='ocrx_word' id='word_1_101' title='bbox 451 2337 687 2434; x_wconf 85' lang='lat' dir='ltr'><strong>potestatibus</strong></span> <span class='ocrx_word' id='word_1_102' title='bbox 704 2335 921 2410; x_wconf 83' lang='lat' dir='ltr'><strong>secularibus</strong></span> <span class='ocrx_word' id='word_1_103' title='bbox 938 2335 974 2408; x_wconf 86' lang='lat' dir='ltr'><strong>se</strong></span> <span class='ocrx_word' id='word_1_104' title='bbox 992 2337 1175 2410; x_wconf 73' lang='lat' dir='ltr'><strong>innuerint</strong></span> <span class='ocrx_word' id='word_1_105' title='bbox 1195 2377 1203 2394; x_wconf 95' lang='lat'><strong>·</strong></span> 
     </span>
    </p>
   </div>
   <div class='ocr_carea' id='block_1_4' title="bbox 865 2557 1371 2634">
    <p class='ocr_par' dir='ltr' id='par_1_4' title="bbox 865 2557 1371 2634">
     <span class='ocr_line' id='line_1_14' title="bbox 865 2557 1371 2634; baseline 0.002 -3"><span class='ocrx_word' id='word_1_106' title='bbox 865 2557 1019 2631; x_wconf 89' lang='lat' dir='ltr'>XXIII.</span> <span class='ocrx_word' id='word_1_107' title='bbox 1046 2558 1141 2632; x_wconf 84' lang='lat' dir='ltr'><strong>Item</strong></span> <span class='ocrx_word' id='word_1_108' title='bbox 1159 2559 1205 2634; x_wconf 87' lang='lat' dir='ltr'><strong>de</strong></span> <span class='ocrx_word' id='word_1_109' title='bbox 1220 2561 1371 2634; x_wconf 84' lang='lat' dir='ltr'><strong>eodem·</strong></span> 
     </span>
    </p>
   </div>
   <div class='ocr_carea' id='block_1_5' title="bbox 443 2775 1777 4082">
    <p class='ocr_par' dir='ltr' id='par_1_5' title="bbox 443 2775 1777 4082">
     <span class='ocr_line' id='line_1_15' title="bbox 449 2775 1777 2878; baseline 0.003 -22"><span class='ocrx_word' id='word_1_110' title='bbox 449 2784 545 2858; x_wconf 89' lang='lat' dir='ltr'><strong>Item</strong></span> <span class='ocrx_word' id='word_1_111' title='bbox 563 2781 694 2857; x_wconf 76' lang='lat' dir='ltr'><strong>salubri</strong></span> <span class='ocrx_word' id='word_1_112' title='bbox 720 2775 919 2878; x_wconf 80' lang='lat' dir='ltr'><strong>prouistone</strong></span> <span class='ocrx_word' id='word_1_113' title='bbox 935 2783 1162 2856; x_wconf 80' lang='lat' dir='ltr'><strong>deereuImua</strong></span> <span class='ocrx_word' id='word_1_114' title='bbox 1178 2793 1219 2854; x_wconf 79' lang='lat' dir='ltr'><strong>rt</strong></span> <span class='ocrx_word' id='word_1_115' title='bbox 1235 2783 1353 2856; x_wconf 87' lang='lat' dir='ltr'><strong>oleriai</strong></span> <span class='ocrx_word' id='word_1_116' title='bbox 1377 2783 1578 2858; x_wconf 83' lang='lat' dir='ltr'><strong>beneficiati</strong></span> <span class='ocrx_word' id='word_1_117' title='bbox 1594 2786 1641 2858; x_wconf 82' lang='lat' dir='ltr'><strong>de</strong></span> <span class='ocrx_word' id='word_1_118' title='bbox 1656 2801 1777 2860; x_wconf 85' lang='lat' dir='ltr'><strong>oetero</strong></span> 
     </span>
     <span class='ocr_line' id='line_1_16' title="bbox 448 2888 1777 2988; baseline 0.003 -20"><span class='ocrx_word' id='word_1_119' title='bbox 448 2897 574 2968; x_wconf 80' lang='lat' dir='ltr'><strong>domos</strong></span> <span class='ocrx_word' id='word_1_120' title='bbox 598 2905 662 2967; x_wconf 88' lang='lat' dir='ltr'><strong>aut</strong></span> <span class='ocrx_word' id='word_1_121' title='bbox 691 2888 916 2988; x_wconf 76' lang='lat' dir='ltr'><strong>poffeffiones</strong></span> <span class='ocrx_word' id='word_1_122' title='bbox 943 2892 1052 2966; x_wconf 80' lang='lat' dir='ltr'><strong>iaicas</strong></span> <span class='ocrx_word' id='word_1_123' title='bbox 1078 2893 1123 2966; x_wconf 87' lang='lat' dir='ltr'><strong>ad</strong></span> <span class='ocrx_word' id='word_1_124' title='bbox 1148 2915 1238 2988; x_wconf 80' lang='lat' dir='ltr'><strong>opua</strong></span> <span class='ocrx_word' id='word_1_125' title='bbox 1262 2894 1534 2968; x_wconf 80' lang='lat' dir='ltr'><strong>concubinarum</strong></span> <span class='ocrx_word' id='word_1_126' title='bbox 1559 2907 1599 2969; x_wconf 86' lang='lat' dir='ltr'><strong>et</strong></span> <span class='ocrx_word' id='word_1_127' title='bbox 1623 2896 1777 2972; x_wconf 85' lang='lat' dir='ltr'><strong>filiorum</strong></span> 
     </span>
     <span class='ocr_line' id='line_1_17' title="bbox 447 3001 1777 3101; baseline 0.005 -23"><span class='ocrx_word' id='word_1_128' title='bbox 447 3007 590 3078; x_wconf 74' lang='lat' dir='ltr'><strong>sitorum</strong></span> <span class='ocrx_word' id='word_1_129' title='bbox 616 3027 737 3076; x_wconf 84' lang='lat' dir='ltr'><strong>emero</strong></span> <span class='ocrx_word' id='word_1_130' title='bbox 762 3026 834 3075; x_wconf 92' lang='lat' dir='ltr'><strong>non</strong></span> <span class='ocrx_word' id='word_1_131' title='bbox 860 3001 1067 3097; x_wconf 85' lang='lat' dir='ltr'><strong>presumant</strong></span> <span class='ocrx_word' id='word_1_132' title='bbox 1095 3027 1162 3076; x_wconf 86' lang='lat' dir='ltr'><strong>neo</strong></span> <span class='ocrx_word' id='word_1_133' title='bbox 1188 3006 1297 3078; x_wconf 82' lang='lat' dir='ltr'><strong>etiam</strong></span> <span class='ocrx_word' id='word_1_134' title='bbox 1324 3007 1366 3078; x_wconf 81' lang='lat' dir='ltr'><strong>ad</strong></span> <span class='ocrx_word' id='word_1_135' title='bbox 1392 3029 1480 3101; x_wconf 86' lang='lat' dir='ltr'><strong>opus</strong></span> <span class='ocrx_word' id='word_1_136' title='bbox 1505 3031 1631 3080; x_wconf 84' lang='lat' dir='ltr'><strong>eorum</strong></span> <span class='ocrx_word' id='word_1_137' title='bbox 1654 3011 1777 3086; x_wconf 76' lang='lat' dir='ltr'><strong>domos</strong></span> 
     </span>
     <span class='ocr_line' id='line_1_18' title="bbox 447 3113 1775 3210; baseline 0.004 -20"><span class='ocrx_word' id='word_1_138' title='bbox 447 3114 657 3190; x_wconf 86' lang='lat' dir='ltr'><strong>oonstmont</strong></span> <span class='ocrx_word' id='word_1_139' title='bbox 680 3117 717 3186; x_wconf 80' lang='lat' dir='ltr'><strong>In</strong></span> <span class='ocrx_word' id='word_1_140' title='bbox 739 3113 843 3186; x_wconf 87' lang='lat' dir='ltr'><strong>seodo</strong></span> <span class='ocrx_word' id='word_1_141' title='bbox 869 3113 987 3186; x_wconf 86' lang='lat' dir='ltr'><strong>laicali</strong></span> <span class='ocrx_word' id='word_1_142' title='bbox 1004 3113 1059 3186; x_wconf 89' lang='lat' dir='ltr'><strong>sot</strong></span> <span class='ocrx_word' id='word_1_143' title='bbox 1076 3136 1144 3186; x_wconf 85' lang='lat' dir='ltr'><strong>neo</strong></span> <span class='ocrx_word' id='word_1_144' title='bbox 1160 3117 1271 3187; x_wconf 85' lang='lat' dir='ltr'><strong>etium</strong></span> <span class='ocrx_word' id='word_1_145' title='bbox 1296 3118 1479 3210; x_wconf 74' lang='lat' dir='ltr'><strong>pecaniam</strong></span> <span class='ocrx_word' id='word_1_146' title='bbox 1504 3115 1707 3194; x_wconf 84' lang='lat' dir='ltr'><strong>ministrent</strong></span> <span class='ocrx_word' id='word_1_147' title='bbox 1730 3125 1775 3195; x_wconf 89' lang='lat' dir='ltr'><strong>ad</strong></span> 
     </span>
     <span class='ocr_line' id='line_1_19' title="bbox 447 3222 1776 3320; baseline 0.002 -18"><span class='ocrx_word' id='word_1_148' title='bbox 447 3224 649 3303; x_wconf 91' lang='lat' dir='ltr'><strong>huiusmodi</strong></span> <span class='ocrx_word' id='word_1_149' title='bbox 676 3223 828 3298; x_wconf 85' lang='lat' dir='ltr'><strong>emenda</strong></span> <span class='ocrx_word' id='word_1_150' title='bbox 844 3225 889 3296; x_wconf 87' lang='lat' dir='ltr'><strong>ad</strong></span> <span class='ocrx_word' id='word_1_151' title='bbox 911 3248 1001 3320; x_wconf 83' lang='lat' dir='ltr'><strong>opus</strong></span> <span class='ocrx_word' id='word_1_152' title='bbox 1027 3225 1170 3296; x_wconf 85' lang='lat' dir='ltr'><strong>illorum</strong></span> <span class='ocrx_word' id='word_1_153' title='bbox 1188 3239 1228 3296; x_wconf 87' lang='lat' dir='ltr'><strong>vt</strong></span> <span class='ocrx_word' id='word_1_154' title='bbox 1244 3222 1293 3300; x_wconf 84' lang='lat' dir='ltr'><strong>sto</strong></span> <span class='ocrx_word' id='word_1_155' title='bbox 1318 3229 1367 3300; x_wconf 81' lang='lat' dir='ltr'><strong>eia</strong></span> <span class='ocrx_word' id='word_1_156' title='bbox 1389 3227 1617 3302; x_wconf 85' lang='lat' dir='ltr'><strong>subtrahatur</strong></span> <span class='ocrx_word' id='word_1_157' title='bbox 1641 3232 1776 3306; x_wconf 81' lang='lat' dir='ltr'><strong>occatio</strong></span> 
     </span>
     <span class='ocr_line' id='line_1_20' title="bbox 446 3333 1774 3436; baseline 0.004 -24"><span class='ocrx_word' id='word_1_158' title='bbox 446 3338 666 3435; x_wconf 79' lang='lat' dir='ltr'><strong>malignandi</strong></span> <span class='ocrx_word' id='word_1_159' title='bbox 685 3377 693 3394; x_wconf 93' lang='lat'><strong>·</strong></span> <span class='ocrx_word' id='word_1_160' title='bbox 714 3333 738 3408; x_wconf 87' lang='lat' dir='ltr'><strong>si</strong></span> <span class='ocrx_word' id='word_1_161' title='bbox 757 3338 837 3430; x_wconf 88' lang='lat' dir='ltr'><strong>quis</strong></span> <span class='ocrx_word' id='word_1_162' title='bbox 854 3333 960 3430; x_wconf 90' lang='lat' dir='ltr'><strong>super</strong></span> <span class='ocrx_word' id='word_1_163' title='bbox 976 3337 1044 3409; x_wconf 85' lang='lat' dir='ltr'><strong>hoo</strong></span> <span class='ocrx_word' id='word_1_164' title='bbox 1063 3336 1240 3410; x_wconf 77' lang='lat' dir='ltr'><strong>habentur</strong></span> <span class='ocrx_word' id='word_1_165' title='bbox 1256 3334 1347 3411; x_wconf 80' lang='lat' dir='ltr'><strong>iusta</strong></span> <span class='ocrx_word' id='word_1_166' title='bbox 1361 3341 1498 3412; x_wconf 83' lang='lat' dir='ltr'><strong>ratione</strong></span> <span class='ocrx_word' id='word_1_167' title='bbox 1514 3337 1693 3436; x_wconf 71' lang='lat' dir='ltr'><strong>suspestua</strong></span> <span class='ocrx_word' id='word_1_168' title='bbox 1709 3341 1774 3418; x_wconf 84' lang='lat' dir='ltr'><strong>nisr</strong></span> 
     </span>
     <span class='ocr_line' id='line_1_21' title="bbox 445 3445 1773 3548; baseline 0.002 -24"><span class='ocrx_word' id='word_1_169' title='bbox 445 3451 491 3524; x_wconf 85' lang='lat' dir='ltr'><strong>ad</strong></span> <span class='ocrx_word' id='word_1_170' title='bbox 524 3449 712 3522; x_wconf 87' lang='lat' dir='ltr'><strong>arbitrium</strong></span> <span class='ocrx_word' id='word_1_171' title='bbox 743 3445 931 3541; x_wconf 85' lang='lat' dir='ltr'><strong>superioris</strong></span> <span class='ocrx_word' id='word_1_172' title='bbox 961 3445 997 3519; x_wconf 86' lang='lat' dir='ltr'><strong>se</strong></span> <span class='ocrx_word' id='word_1_173' title='bbox 1027 3451 1234 3543; x_wconf 80' lang='lat' dir='ltr'><strong>purgnuerit</strong></span> <span class='ocrx_word' id='word_1_174' title='bbox 1266 3445 1371 3544; x_wconf 82' lang='lat' dir='ltr'><strong>ipsine</strong></span> <span class='ocrx_word' id='word_1_175' title='bbox 1402 3451 1549 3523; x_wconf 89' lang='lat' dir='ltr'><strong>arbitrio</strong></span> <span class='ocrx_word' id='word_1_176' title='bbox 1578 3455 1773 3548; x_wconf 88' lang='lat' dir='ltr'><strong>puniatur·</strong></span> 
     </span>
     <span class='ocr_line' id='line_1_22' title="bbox 445 3556 1774 3658; baseline 0.004 -24"><span class='ocrx_word' id='word_1_177' title='bbox 445 3573 610 3658; x_wconf 86' lang='lat' dir='ltr'><strong>preterea</strong></span> <span class='ocrx_word' id='word_1_178' title='bbox 625 3558 712 3632; x_wconf 86' lang='lat' dir='ltr'><strong>iicet</strong></span> <span class='ocrx_word' id='word_1_179' title='bbox 729 3556 947 3632; x_wconf 84' lang='lat' dir='ltr'><strong>testamenta</strong></span> <span class='ocrx_word' id='word_1_180' title='bbox 972 3559 1150 3656; x_wconf 78' lang='lat' dir='ltr'><strong>legittima</strong></span> <span class='ocrx_word' id='word_1_181' title='bbox 1175 3559 1380 3634; x_wconf 86' lang='lat' dir='ltr'><strong>clericorum</strong></span> <span class='ocrx_word' id='word_1_182' title='bbox 1405 3562 1695 3638; x_wconf 82' lang='lat' dir='ltr'><strong>beneficiatorum</strong></span> <span class='ocrx_word' id='word_1_183' title='bbox 1713 3567 1774 3640; x_wconf 81' lang='lat' dir='ltr'><strong>de-</strong></span> 
     </span>
     <span class='ocr_line' id='line_1_23' title="bbox 444 3669 1773 3767; baseline 0.004 -21"><span class='ocrx_word' id='word_1_184' title='bbox 444 3671 677 3747; x_wconf 80' lang='lat' dir='ltr'><strong>condentium</strong></span> <span class='ocrx_word' id='word_1_185' title='bbox 701 3671 866 3742; x_wconf 73' lang='lat' dir='ltr'><strong>volumus</strong></span> <span class='ocrx_word' id='word_1_186' title='bbox 896 3669 1075 3744; x_wconf 79' lang='lat' dir='ltr'><strong>obseruari</strong></span> <span class='ocrx_word' id='word_1_187' title='bbox 1105 3671 1272 3744; x_wconf 80' lang='lat' dir='ltr'><strong>nolumus</strong></span> <span class='ocrx_word' id='word_1_188' title='bbox 1301 3683 1417 3746; x_wconf 71' lang='lat' dir='ltr'><strong>uma·</strong></span> <span class='ocrx_word' id='word_1_189' title='bbox 1443 3675 1540 3767; x_wconf 88' lang='lat' dir='ltr'><strong>quod</strong></span> <span class='ocrx_word' id='word_1_190' title='bbox 1566 3676 1773 3752; x_wconf 80' lang='lat' dir='ltr'><strong>concubinis</strong></span> 
     </span>
     <span class='ocr_line' id='line_1_24' title="bbox 443 3779 1772 3880; baseline 0.004 -20"><span class='ocrx_word' id='word_1_191' title='bbox 443 3785 579 3880; x_wconf 87' lang='lat' dir='ltr'><strong>aliquid</strong></span> <span class='ocrx_word' id='word_1_192' title='bbox 595 3785 634 3854; x_wconf 93' lang='lat' dir='ltr'><strong>in</strong></span> <span class='ocrx_word' id='word_1_193' title='bbox 650 3779 868 3856; x_wconf 83' lang='lat' dir='ltr'><strong>testamento</strong></span> <span class='ocrx_word' id='word_1_194' title='bbox 893 3781 1098 3877; x_wconf 83' lang='lat' dir='ltr'><strong>relinquant</strong></span> <span class='ocrx_word' id='word_1_195' title='bbox 1118 3824 1128 3842; x_wconf 87' lang='lat'><strong>·</strong></span> <span class='ocrx_word' id='word_1_196' title='bbox 1145 3784 1240 3878; x_wconf 90' lang='lat' dir='ltr'><strong>quod</strong></span> <span class='ocrx_word' id='word_1_197' title='bbox 1257 3780 1284 3856; x_wconf 83' lang='lat' dir='ltr'><strong>st</strong></span> <span class='ocrx_word' id='word_1_198' title='bbox 1301 3784 1346 3858; x_wconf 86' lang='lat' dir='ltr'><strong>de</strong></span> <span class='ocrx_word' id='word_1_199' title='bbox 1363 3795 1483 3858; x_wconf 74' lang='lat' dir='ltr'><strong>oetmo</strong></span> <span class='ocrx_word' id='word_1_200' title='bbox 1507 3787 1641 3860; x_wconf 59' lang='lat' dir='ltr'><strong>sebum</strong></span> <span class='ocrx_word' id='word_1_201' title='bbox 1663 3788 1772 3864; x_wconf 81' lang='lat' dir='ltr'><strong>inerit</strong></span> 
     </span>
     <span class='ocr_line' id='line_1_25' title="bbox 444 3890 1772 3995; baseline 0.003 -25"><span class='ocrx_word' id='word_1_202' title='bbox 444 3908 563 3970; x_wconf 94' lang='lat' dir='ltr'><strong>totum</strong></span> <span class='ocrx_word' id='word_1_203' title='bbox 587 3893 680 3966; x_wconf 89' lang='lat' dir='ltr'><strong>illud</strong></span> <span class='ocrx_word' id='word_1_204' title='bbox 697 3895 733 3966; x_wconf 91' lang='lat' dir='ltr'><strong>in</strong></span> <span class='ocrx_word' id='word_1_205' title='bbox 752 3891 853 3966; x_wconf 84' lang='lat' dir='ltr'><strong>vsum</strong></span> <span class='ocrx_word' id='word_1_206' title='bbox 878 3890 1028 3968; x_wconf 80' lang='lat' dir='ltr'><strong>eoeleste</strong></span> <span class='ocrx_word' id='word_1_207' title='bbox 1044 3919 1151 3989; x_wconf 84' lang='lat' dir='ltr'><strong>quam</strong></span> <span class='ocrx_word' id='word_1_208' title='bbox 1175 3897 1270 3970; x_wconf 83' lang='lat' dir='ltr'><strong>rexit</strong></span> <span class='ocrx_word' id='word_1_209' title='bbox 1293 3895 1477 3970; x_wconf 80' lang='lat' dir='ltr'><strong>dosunttua</strong></span> <span class='ocrx_word' id='word_1_210' title='bbox 1500 3895 1655 3995; x_wconf 82' lang='lat' dir='ltr'><strong>episeopi</strong></span> <span class='ocrx_word' id='word_1_211' title='bbox 1679 3901 1772 3976; x_wconf 75' lang='lat' dir='ltr'><strong>arbi·</strong></span> 
     </span>
     <span class='ocr_line' id='line_1_26' title="bbox 443 4011 788 4082; baseline -0.014 0"><span class='ocrx_word' id='word_1_212' title='bbox 443 4011 513 4082; x_wconf 87' lang='lat' dir='ltr'><strong>trio</strong></span> <span class='ocrx_word' id='word_1_213' title='bbox 529 4016 788 4082; x_wconf 85' lang='lat' dir='ltr'><strong>oonuertatur·</strong></span> 
     </span>
    </p>
   </div>
   <div class='ocr_carea' id='block_1_6' title="bbox 859 4225 1357 4306">
    <p class='ocr_par' dir='ltr' id='par_1_6' title="bbox 859 4225 1357 4306">
     <span class='ocr_line' id='line_1_27' title="bbox 859 4225 1357 4306; baseline 0.016 -7"><span class='ocrx_word' id='word_1_214' title='bbox 859 4225 1036 4303; x_wconf 91' lang='lat' dir='ltr'>XXIIII.</span> <span class='ocrx_word' id='word_1_215' title='bbox 1062 4227 1120 4304; x_wconf 86' lang='lat' dir='ltr'><strong>De</strong></span> <span class='ocrx_word' id='word_1_216' title='bbox 1137 4227 1357 4306; x_wconf 69' lang='lat' dir='ltr'><strong>Interdisto·</strong></span> 
     </span>
    </p>
   </div>
   <div class='ocr_carea' id='block_1_7' title="bbox 437 4448 1769 4663">
    <p class='ocr_par' dir='ltr' id='par_1_7' title="bbox 437 4448 1769 4663">
     <span class='ocr_line' id='line_1_28' title="bbox 442 4448 1768 4556; baseline 0.004 -30"><span class='ocrx_word' id='word_1_217' title='bbox 442 4451 535 4528; x_wconf 86' lang='lat' dir='ltr'><strong>Item</strong></span> <span class='ocrx_word' id='word_1_218' title='bbox 555 4448 744 4526; x_wconf 84' lang='lat' dir='ltr'><strong>statuimur</strong></span> <span class='ocrx_word' id='word_1_219' title='bbox 762 4460 801 4522; x_wconf 79' lang='lat' dir='ltr'><strong>rt</strong></span> <span class='ocrx_word' id='word_1_220' title='bbox 820 4471 906 4524; x_wconf 85' lang='lat' dir='ltr'><strong>oum</strong></span> <span class='ocrx_word' id='word_1_221' title='bbox 929 4449 1113 4526; x_wconf 85' lang='lat' dir='ltr'><strong>indultum</strong></span> <span class='ocrx_word' id='word_1_222' title='bbox 1130 4451 1175 4526; x_wconf 81' lang='lat' dir='ltr'><strong>sa</strong></span> <span class='ocrx_word' id='word_1_223' title='bbox 1191 4451 1420 4552; x_wconf 73' lang='lat' dir='ltr'><strong>hospitabrije</strong></span> <span class='ocrx_word' id='word_1_224' title='bbox 1434 4476 1478 4528; x_wconf 80' lang='lat' dir='ltr'><strong>ao</strong></span> <span class='ocrx_word' id='word_1_225' title='bbox 1493 4454 1573 4552; x_wconf 77' lang='lat' dir='ltr'><strong>abja</strong></span> <span class='ocrx_word' id='word_1_226' title='bbox 1597 4456 1768 4556; x_wconf 70' lang='lat' dir='ltr'><strong>religiosa</strong></span> 
     </span>
     <span class='ocr_line' id='line_1_29' title="bbox 437 4557 1769 4663; baseline 0.003 -23"><span class='ocrx_word' id='word_1_227' title='bbox 437 4559 648 4663; x_wconf 81' lang='lat' dir='ltr'><strong>quibusdam</strong></span> <span class='ocrx_word' id='word_1_228' title='bbox 661 4561 708 4638; x_wconf 85' lang='lat' dir='ltr'><strong>ab</strong></span> <span class='ocrx_word' id='word_1_229' title='bbox 720 4557 914 4660; x_wconf 76' lang='lat' dir='ltr'><strong>apostoliea</strong></span> <span class='ocrx_word' id='word_1_230' title='bbox 924 4559 1009 4638; x_wconf 84' lang='lat' dir='ltr'><strong>sodo</strong></span> <span class='ocrx_word' id='word_1_231' title='bbox 1021 4575 1062 4638; x_wconf 82' lang='lat' dir='ltr'><strong>vt</strong></span> <span class='ocrx_word' id='word_1_232' title='bbox 1074 4565 1112 4640; x_wconf 90' lang='lat' dir='ltr'><strong>iu</strong></span> <span class='ocrx_word' id='word_1_233' title='bbox 1124 4563 1279 4662; x_wconf 81' lang='lat' dir='ltr'><strong>Ipsorum</strong></span> <span class='ocrx_word' id='word_1_234' title='bbox 1292 4565 1441 4642; x_wconf 82' lang='lat' dir='ltr'><strong>ioanndo</strong></span> <span class='ocrx_word' id='word_1_235' title='bbox 1451 4565 1615 4642; x_wconf 71' lang='lat' dir='ltr'><strong>aduentu</strong></span> <span class='ocrx_word' id='word_1_236' title='bbox 1625 4569 1672 4646; x_wconf 77' lang='lat' dir='ltr'><strong>ad</strong></span> <span class='ocrx_word' id='word_1_237' title='bbox 1689 4569 1769 4652; x_wconf 77' lang='lat' dir='ltr'><strong>iooa</strong></span> 
     </span>
    </p>
   </div>
   <div class='ocr_carea' id='block_1_8' title="bbox 0 0 2300 5954">
    <p class='ocr_par' dir='ltr' id='par_1_8' title="bbox 0 0 2300 5954">
     <span class='ocr_line' id='line_1_30' title="bbox 0 0 2300 5954; baseline 0 6"><span class='ocrx_word' id='word_1_238' title='bbox 0 0 2300 5954; x_wconf 95' lang='lat' dir='ltr'><strong> </strong></span> 
     </span>
    </p>
   </div>
  </div>
 </body>
</html>
