4564 5968
455 744 520 813 mo
970 733 1280 806 nncrsrnnn
1644 741 1795 838 [secun

452 940 597 1011 fuerunt
614 949 710 1010 terre
735 951 774 1010 et
799 930 947 1008 ecclesie
975 954 1046 1023 que
1074 931 1273 1003 secuuntur
1301 955 1367 1026 per
1394 933 1627 1008 Malcolmum
1655 939 1794 1035 Regem

451 1049 572 1124 Scotie
590 1050 798 1144 quiquidem
818 1043 1037 1118 Malcolmus
1055 1054 1220 1116 mortuus
1238 1041 1293 1116 cst
1310 1046 1412 1140 virgo
1424 1057 1460 1116 el
1472 1045 1640 1120 fundauit
1657 1049 1795 1124 monas·

452 1166 582 1235 terium
600 1165 646 1234 de
667 1162 788 1255 Cupra
807 1201 815 1216 ·

500 1497 543 1568 In
562 1499 686 1592 primis
704 1494 805 1568 dedit
823 1487 1010 1564 ecclesiam
1029 1492 1076 1564 de
1093 1491 1260 1586 Kyrdon
1275 1515 1347 1566 vna
1364 1515 1444 1565 cum
1457 1501 1552 1563 terra
1568 1505 1607 1564 et
1625 1495 1729 1565 terris
1747 1495 1792 1566 de

449 1609 574 1703 Slaty·
592 1606 775 1678 Murcrost
792 1601 947 1698 episcopi
965 1638 974 1656 ·
993 1601 1088 1697 Goyl
1107 1647 1115 1664 ·
1135 1603 1384 1699 Kynmonedy
1397 1646 1406 1663 ·
1420 1603 1647 1677 llnmculooh
1667 1645 1676 1662 ·
1693 1603 1793 1676 Tuli-

447 1722 551 1816 girg·
573 1730 612 1790 ea
630 1731 727 1789 terra
751 1717 796 1786 de
823 1713 939 1785 Elone
965 1736 1037 1805 que
1063 1716 1198 1789 dicitur
1223 1717 1392 1811 Brynnes
1416 1712 1566 1810 episcopi
1593 1757 1602 1774 ·
1629 1713 1789 1810 selaymm

449 1833 493 1904 de
512 1830 658 1923 Dauyot
675 1851 758 1900 cum
776 1820 979 1898 ecclesiast
998 1836 1095 1898 terra
1112 1825 1353 1901 ecclesiastice
1378 1827 1531 1900 eiusdem
1549 1867 1557 1884 ·
1577 1825 1727 1900 selriram
1745 1829 1791 1899 de

449 1945 551 2015 Rane
576 1964 660 2014 cum
687 1934 837 2012 ecelesia
862 1947 901 2008 ct
924 1946 1022 2008 terra
1048 1934 1288 2013 ecclesiastiea
1311 1937 1464 2012 ciusdem
1490 1980 1499 1997 ·
1527 1936 1715 2013 ecclesiam
1744 1939 1790 2012 de

447 2054 552 2148 Ovyn
570 2076 653 2124 cum
672 2064 769 2123 terra
786 2045 1024 2121 ecclesiastica
1040 2047 1201 2122 eiusdem
1219 2091 1229 2110 ·
1248 2049 1401 2124 schiram
1419 2052 1461 2123 ds
1472 2051 1557 2124 Clat
1574 2075 1657 2125 oum
1676 2051 1787 2124 eccle·

446 2163 520 2237 saa·
541 2163 690 2236 sellimm
708 2163 753 2234 dc
770 2157 990 2255 Tulyneslyn
1010 2185 1093 2233 eum
1111 2159 1264 2236 ecclesa
1281 2201 1290 2219 ·
1308 2173 1347 2234 et
1366 2164 1525 2236 barronia
1542 2166 1588 2237 dc
1604 2163 1760 2236 lllurthil
1779 2206 1787 2220 ·

494 2501 653 2587 Quartus
664 2494 852 2592 episcopus
866 2497 1001 2569 ibidem
1012 2494 1172 2570 residens
1182 2499 1254 2570 suit
1264 2497 1289 2569 J
1292 2499 1468 2572 ohannes·
1481 2502 1631 2592 quintus
1644 2501 1763 2571 Adana
1776 2541 1785 2558 ·

443 2612 564 2686 sextus
592 2609 782 2684 Gilbertus
810 2651 818 2668 ·
847 2605 1021 2702 septimus
1050 2608 1231 2681 Radulsus
1259 2650 1268 2666 ·
1296 2611 1443 2682 οᾶαιιυε
1475 2609 1605 2681 Petrus
1633 2652 1641 2668 ·
1669 2635 1785 2683 nonus

445 2725 617 2797 Ricardus
635 2722 680 2794 de
699 2722 806 2793 Poito
824 2721 1002 2814 Anglieus
1019 2762 1028 2779 ·
1048 2721 1212 2794 decimus
1237 2719 1349 2816 llugo
1367 2723 1426 2815 qui
1443 2721 1632 2794 lirlllieatus
1660 2723 1728 2794 suit
1748 2726 1782 2794 in

443 2836 521 2909 lscu
540 2836 586 2906 de
603 2832 722 2927 Goyle
738 2870 747 2888 ·
765 2832 976 2904 vndecimus
1004 2831 1187 2904 isenricus
1205 2833 1252 2906 do
1269 2831 1374 2904 Chen
1395 2873 1404 2889 ·
1423 2833 1653 2906 duodecimus
1669 2835 1785 2906 Alex·

441 2949 552 3021 ander
568 2947 613 3016 de
628 2943 865 3038 Kyninmond
880 2941 1006 3016 doclor
1021 2941 1205 3036 utriusque
1223 2946 1332 3015 iuris·
1349 2946 1475 3015 tertius
1492 2945 1654 3017 decimus
1670 2947 1785 3017 domi·

442 3084 508 3133 nus
534 3056 742 3129 Willolmus
759 3056 805 3125 de
823 3053 858 3125 la
877 3053 959 3125 llen
985 3093 993 3110 ·
1021 3067 1151 3146 quarto
1169 3057 1333 3126 decimus
1352 3053 1515 3151 magister
1530 3057 1717 3130 Jolrannes
1736 3058 1783 3130 de

441 3173 535 3246 Ratc
554 3164 724 3262 magister
742 3169 778 3238 in
797 3164 980 3259 theologia
998 3201 1006 3218 ·
1025 3167 1154 3258 quinto
1171 3167 1334 3240 decimus
1353 3168 1560 3241 Alexander
1577 3170 1622 3240 do
1641 3167 1784 3264 Kynin·

438 3285 547 3355 moad
566 3323 575 3340 ·
595 3279 697 3352 sexto
723 3279 885 3350 decimus
911 3277 1031 3348 Adam
1059 3278 1105 3349 dc
1131 3276 1397 3375 Tyrrrsynglaam
1416 3319 1425 3336 ·
1445 3279 1596 3375 septimo
1623 3283 1783 3354 decimus

439 3395 626 3470 Gilbertus
652 3393 697 3463 de
724 3389 896 3484 Grynlan·
914 3429 922 3446 ·
943 3388 1127 3484 [decimus
1152 3395 1305 3462 odnuus
1332 3391 1507 3464 llenrieus
1525 3394 1570 3464 de
1589 3391 1780 3488 Lyelrtnun

438 3505 562 3582 dodlor
596 3507 632 3576 in
669 3517 821 3594 utroquo
857 3503 933 3571 iure
962 3541 970 3558 ·
1000 3502 1163 3573 decimus
1198 3526 1317 3576 nonus
1352 3503 1558 3599 ingeremus
1594 3504 1781 3600 Lyndesay

438 3623 663 3694 decretorum
691 3615 815 3688 donor
839 3655 848 3672 ·
875 3610 1064 3686 vicesimus
1089 3613 1247 3686 'l'lromns
1273 3613 1392 3708 Spens
1407 3653 1417 3672 ·
1433 3613 1619 3688 vicesimus
1644 3620 1781 3711 primus

439 3733 621 3805 liebertus
647 3727 822 3800 Blakadir
850 3767 859 3784 ·
889 3721 1078 3799 riecsrmus
1104 3723 1284 3799 secundus
1307 3725 1513 3799 Willelmus
1537 3727 1778 3823 Elpllinstoun

436 3844 615 3919 sacrorum
632 3861 813 3914 canonum
841 3837 1051 3910 licentiatus
1069 3879 1077 3896 ·
1098 3835 1289 3911 vicesimus
1314 3841 1443 3911 tertius
1458 3838 1670 3912 Alexander
1687 3842 1780 3914 Gor·

436 3959 533 4031 doun
559 3995 568 4012 ·
595 3948 787 4048 vigesimus
816 3964 966 4044 quartus
997 3951 1163 4022 (lauinus
1195 3949 1350 4022 Dunbar
1377 3989 1385 4006 ·
1415 3947 1601 4046 vigesimus
1630 3955 1778 4047 quintus

437 4067 661 4143 Guillermus
687 4062 845 4135 Stenart
878 4069 971 4134 15:39
999 4060 1178 4156 presidere
1209 4063 1408 4134 exoritur·
1437 4059 1626 4158 vigesimus
1655 4061 1777 4136 sextus

437 4179 660 4254 Guillermus
677 4174 852 4248 Gordoun
874 4177 969 4246 1546
985 4171 1165 4268 presidere
1183 4168 1301 4268 cepit]
1327 4213 1336 4230 ·
