4612 5964
484 683 552 753 106
995 678 1302 752 REGISTRUM
1665 687 1817 784 [sucum

482 879 608 951 ralium
635 881 784 974 capituli
801 890 840 952 et
856 873 975 950 nostre
998 876 1144 948 domine
1162 877 1195 969 vj
1215 873 1248 946 il.
1269 879 1328 969 viij
1354 875 1389 948 d.
1417 877 1511 951 Item
1540 905 1605 974 pro
1630 880 1820 958 stillicidiis

480 987 660 1064 seruandis
689 994 723 1085 vj
754 988 788 1064 ll.
817 993 878 1086 viij
905 987 941 1062 d.
977 988 1074 1060 Item
1104 1011 1168 1082 pro
1198 989 1409 1060 detentione
1438 990 1686 1066 columbarum
1713 1007 1817 1068 extra

482 1101 665 1178 eeclesiam
690 1105 724 1198 vj
751 1101 784 1176 sl.
813 1106 871 1198 viij
898 1099 934 1174 d.
969 1101 1066 1172 Item
1096 1123 1118 1172 a
1148 1099 1314 1192 quolibet
1346 1101 1518 1173 canonico
1551 1101 1816 1179 iustitutionem

481 1219 676 1311 recipiente
702 1218 739 1288 in
765 1215 924 1310 capitulo
941 1215 976 1306 vj
994 1210 1029 1283 ll.
1047 1212 1107 1304 viij
1126 1210 1162 1284 d.
1190 1212 1285 1285 Item
1313 1237 1334 1286 a
1356 1212 1521 1306 quolibet
1546 1220 1718 1290 canonico
1735 1217 1816 1290 mis·

482 1326 553 1400 sam
572 1329 630 1400 die
646 1327 795 1399 solemni
813 1326 1021 1400 celebrante
1039 1325 1073 1417 vj
1092 1323 1128 1396 d.
1157 1325 1253 1398 Item
1277 1348 1342 1419 pro
1358 1325 1553 1420 purgandis
1570 1340 1609 1396 et
1626 1328 1817 1400 intenden-

483 1440 536 1510 dis
553 1435 642 1511 ralis
662 1441 761 1511 eneis
786 1433 934 1510 ecclesie
952 1436 985 1528 vj
1003 1431 1038 1507 sl.
1057 1439 1117 1529 viij
1135 1434 1173 1509 d.
1200 1437 1298 1509 Item
1324 1447 1442 1530 preter
1467 1437 1532 1506 bas
1557 1433 1713 1510 summas
1740 1463 1817 1532 per-

482 1553 591 1644 cipiet
608 1553 848 1623 communiam
874 1571 956 1620 cum
982 1547 1177 1641 capellanis
1203 1545 1278 1640 ipso
1304 1545 1515 1620 obseruante
1540 1546 1705 1641 premissa
1729 1551 1816 1622 alias

482 1683 704 1754 nequaquam
730 1662 943 1732 admittatur
968 1659 1147 1751 nequead
1167 1660 1302 1732 ditium
1329 1661 1483 1734 officium
1508 1661 1725 1733 admittatur
1750 1659 1815 1732 nili

482 1775 619 1867 prefata
635 1770 671 1844 se
688 1770 958 1843 obseruatumm
985 1771 1159 1842 iurauerit
1177 1781 1216 1842 et
1232 1773 1436 1846 cautionem
1461 1769 1697 1844 sufficientem
1716 1773 1815 1844 inue-

482 1887 575 1956 nerit
592 1909 638 1956 ne
656 1884 749 1955 bona
765 1879 913 1956 ecclesie
939 1881 1223 1976 dilapidarentur
1243 1879 1302 1954 sur
1326 1883 1591 1957 deteriorentur
1614 1886 1693 1958 eius
1709 1885 1815 1978 culpa

481 2007 544 2067 aut
561 1994 831 2087 quomodolibet
856 1993 1122 2087 deperdentur·

773 2171 1119 2246 Cossrrrurroxuu
1148 2173 1356 2249 Wrunnuur
1384 2197 1514 2250 srxrs·

481 2428 537 2500 lte
554 2427 648 2499 boris
666 2427 798 2500 diuinis
819 2427 1042 2501 celebrandis
1060 2469 1069 2487 ·

478 2643 688 2739 statuimus
717 2679 866 2760 ergoet
892 2666 1099 2738 ordinamus
1124 2667 1222 2760 quod
1249 2691 1373 2740 omnes
1399 2667 1642 2760 ebdomadarij
1670 2669 1811 2742 diaconi

475 2793 514 2852 et
539 2777 742 2850 subdiaconi
769 2789 808 2848 ct
833 2776 1011 2872 capellani
1045 2777 1167 2852 nostre
1201 2781 1348 2853 domine
1380 2779 1557 2872 capellani
1593 2781 1810 2874 capitulares

477 2901 640 2962 cantores
656 2901 695 2960 et
711 2890 771 2982 nlij
789 2880 996 2983 quicunque
1013 2892 1050 2961 in
1069 2890 1164 2962 diae
1189 2888 1339 2962 eeclesia
1356 2891 1509 2962 ordinati
1536 2894 1755 2965 conueniant
1774 2895 1809 2966 in

476 3003 583 3074 cboro
601 3004 636 3072 in
655 3000 839 3071 habitibus
856 2997 927 3071 suis
944 3003 1036 3072 citra
1052 3002 1161 3072 linem
1182 3001 1391 3094 pulsationis
1408 2999 1563 3074 secunde
1580 3025 1754 3098 campane
1771 3019 1808 3077 et

476 3113 569 3206 quod
587 3110 752 3184 collocati
772 3107 841 3182 sint
859 3111 895 3181 in
915 3108 1028 3182 stallis
1051 3109 1121 3182 suis
1139 3123 1225 3184 ante
1244 3115 1351 3184 linem
1377 3111 1617 3208 supradidtum
1635 3113 1700 3188 sub
1718 3141 1810 3211 pena

476 3219 663 3296 cuiuslibet
690 3225 725 3292 iu
754 3217 843 3292 sesto
873 3223 998 3331 nrqiori
1029 3236 1067 3295 et
1097 3225 1286 3318 principali
1313 3225 1357 3296 dc
1380 3226 1542 3319 qualibet
1568 3227 1655 3300 bora
1680 3251 1810 3324 magna

476 3339 535 3429 viij
553 3335 589 3407 d.
615 3347 653 3406 ct
670 3335 798 3406 minori
827 3334 876 3426 iiij
895 3331 931 3405 d.
951 3373 959 3392 ·
980 3333 1023 3406 In
1052 3333 1152 3407 fellis
1178 3335 1380 3429 duplicibus
1398 3351 1435 3409 et
1453 3338 1644 3414 dominicis
1661 3341 1707 3412 dc
1723 3365 1809 3434 qua·

475 3451 561 3522 libet
580 3449 666 3520 bora
679 3469 809 3541 magna
824 3447 873 3538 iiij
887 3444 923 3518 d.
938 3458 977 3519 et
990 3447 1036 3520 dc
1053 3449 1182 3519 minori
1199 3449 1221 3540 ij
1241 3445 1278 3520 d.
1297 3488 1305 3506 ·
1324 3448 1372 3520 Et
1389 3451 1435 3522 de
1452 3445 1544 3521 fello
1558 3451 1595 3524 ix
1612 3451 1806 3524 lectionum

474 3560 534 3636 seu
553 3557 641 3632 fello
658 3581 741 3630 cunr
760 3560 934 3654 regimine
951 3559 1049 3632 ebori
1068 3581 1133 3654 pro
1151 3559 1315 3652 qualibet
1331 3561 1417 3632 bora
1441 3583 1575 3656 magna
1592 3563 1615 3656 ij
1633 3559 1669 3634 d.
1688 3575 1726 3635 et
1744 3587 1807 3657 pro

474 3675 599 3746 minori
610 3673 628 3766 j
646 3669 682 3744 d.
700 3681 739 3742 et
756 3672 985 3744 tantumdem
1004 3695 1068 3766 pro
1084 3673 1276 3744 matutinis
1302 3683 1339 3744 et
1363 3669 1517 3766 vesperis
1536 3673 1642 3746 beate
1662 3675 1804 3750 llarie·

475 3785 521 3858 lit
539 3787 585 3858 dc
601 3785 727 3855 dicbus
754 3783 891 3856 feriatis
916 3807 982 3878 pro
1006 3785 1094 3856 lrora
1117 3785 1242 3856 rnaiori
1262 3785 1285 3877 ij
1303 3780 1339 3855 d.
1363 3795 1402 3856 et
1427 3786 1557 3856 minori
1576 3789 1804 3860 tantumdem

473 3902 574 3972 iuxta
590 3895 803 3990 qualitatem
821 3899 994 3990 temporis
1020 3897 1180 3970 taxanda
1196 3896 1322 3969 babito
1338 3894 1499 3990 respectu
1516 3895 1562 3970 ad
1582 3899 1806 3996 quadragesi·

473 4033 565 4082 mam
594 4006 770 4101 aquibus
787 4007 883 4078 boris
907 4007 1074 4080 volumus
1101 4009 1330 4081 tantumdem
1356 4005 1457 4080 sicuti
1483 4033 1505 4081 a
1532 4007 1621 4081 sesto
1643 4012 1805 4106 duplici·

473 4123 566 4194 ltcrn
584 4143 708 4192 omnes
728 4119 788 4214 alij
815 4121 877 4213 qui
896 4121 933 4191 in
951 4121 1060 4194 eboro
1086 4117 1255 4194 intercd'e
1280 4119 1414 4192 debent
1439 4123 1476 4192 in
1502 4121 1684 4217 aliquibus
1709 4125 1804 4197 boris

408 4317 412 4326 Ι
471 4239 506 4307 in
533 4233 721 4306 matutinis
745 4242 832 4305 ante
860 4231 971 4304 linem
998 4231 1123 4326 psalmi
1155 4252 1301 4306 vestre
1330 4233 1365 4304 in
1396 4229 1494 4306 milla
1520 4247 1608 4308 ante
1636 4235 1802 4309 altimum

473 4363 778 4420 ataraeauarson·
797 4345 834 4414 in
851 4341 932 4416 aliis
945 4363 1031 4416 vero
1043 4346 1140 4418 boris
1156 4357 1245 4418 ante
1257 4345 1363 4416 tinem
1378 4347 1482 4440 primi
1498 4345 1624 4442 psalmi
1639 4347 1804 4423 intercise

469 4461 622 4534 debeant
650 4457 714 4529 lirb
739 4477 833 4552 pena
857 4455 957 4550 prius
974 4465 1100 4531 taxata
1127 4468 1167 4530 vt
1195 4455 1300 4552 supra
1326 4459 1429 4530 iuxta
1451 4455 1567 4532 sella·
1586 4457 1681 4534 Item
1707 4464 1802 4556 quod

467 4571 587 4644 nullus
611 4569 849 4666 preditt'orum
877 4569 1024 4642 recedat
1052 4593 1075 4642 a
1101 4571 1211 4644 cboro
1240 4581 1327 4644 ante
1351 4571 1459 4644 linem
1485 4571 1573 4644 bore
1607 4567 1672 4646 nid
1708 4573 1801 4646 sorte
