4546 5922
450 683 678 778 arrnumx]
913 687 1323 764 ABERDONENSE.
1721 701 1792 768 319

334 941 339 950 .
445 880 575 1066 rsuensrs
599 885 624 955 J
629 885 692 959 ulii
709 912 804 962 auno
827 888 978 963 Domini
996 887 1188 963 millefimo
1207 887 1495 985 quingentcllmo
1521 890 1791 987 quadragclimo

461 998 596 1090 eptimo
613 1040 621 1056 ·

445 1219 523 1292 W·
564 1225 712 1301 Gordon
750 1226 936 1324 episcopus
971 1225 1089 1299 Aber·
1141 1223 1327 1296 Johaunes
1339 1221 1539 1295 Steuardus
1550 1220 1790 1298 thesaurarius

493 1335 657 1412 donenlls
674 1382 683 1398 ·
1163 1331 1435 1407 Aberdonenfis
1453 1376 1462 1395 ·

1139 1445 1319 1520 Patricius
1354 1446 1531 1542 Myrtouu
1571 1449 1790 1524 archidiaco-

441 1561 659 1659 R·Erllryn
677 1567 836 1637 decanus
847 1559 1090 1632 Aberdonen·
1190 1581 1259 1631 nus
1279 1604 1287 1620 ·

490 1672 560 1748 fis·
1138 1669 1295 1745 Thomas
1321 1670 1534 1746 Suthirland
1552 1675 1598 1746 de
1625 1672 1760 1745 Ellon·

438 1787 623 1862 Johannes
641 1787 775 1883 Ogiluy
793 1786 967 1858 Crudan·
1137 1783 1324 1858 Johannes
1354 1781 1572 1880 Elphinston
1606 1811 1628 1859 a
1661 1786 1785 1860 Inver-

437 1898 594 1972 Jacobus
613 1899 766 1970 Wawan
784 1898 832 1968 dc
849 1895 967 1992 Owyn
986 1938 994 1954 ·
1186 1898 1347 1992 nochty·

436 2011 623 2085 Johannes
640 2010 837 2104 Gumming
854 2006 954 2080 Dear
972 2050 981 2066 ·
1000 2052 1009 2068 ·
1028 2051 1037 2068 ·
1133 2008 1333 2083 Duncanus
1359 2009 1502 2084 Bumet
1518 2013 1565 2084 de
1583 2011 1757 2086 Methlak
1776 2055 1784 2070 ·

436 2122 590 2194 Thomas
605 2121 766 2194 Gaderar
783 2121 829 2192 de
842 2119 1056 2194 Murthtlak
1073 2158 1082 2177 ·
1136 2120 1348 2193 Willelmus
1361 2121 1490 2195 Cabell
1504 2125 1549 2196 de
1561 2122 1757 2219 Tulynellil
1776 2166 1784 2183 ·

436 2231 647 2305 Alexander
662 2231 826 2325 Spittaill
842 2256 865 2304 a
882 2231 993 2304 Clat·
1134 2231 1320 2304 Arthurus
1354 2232 1546 2309 Taillefera
1577 2237 1623 2308 de
1653 2237 1786 2312 Creeh-

437 2343 647 2415 Willelmus
665 2341 750 2439 Hay
763 2345 809 2417 dc
823 2342 1054 2418 Drummaok
1072 2386 1080 2402 ·
1184 2346 1295 2416 mond
1313 2383 1322 2402 ·

435 2453 646 2528 Alexander
657 2455 1081 2552 GallowayaKynkell·
1134 2456 1784 2537 JohannesMichelsonedeForbes·

436 2566 618 2642 Robertus
641 2567 893 2664 Hamyltoune
918 2569 966 2644 ds
990 2567 1087 2643 Cod-
1137 2568 1352 2643 Alexander
1416 2567 1526 2666 Rynd
1597 2571 1786 2647 succentor

484 2679 636 2754 dilstone
654 2721 662 2738 ·
1186 2677 1458 2756 Aberdonenfis
1475 2721 1485 2740 ·

1125 2794 1288 2868 Jacobns
1321 2795 1581 2870 Strathauchin
1616 2799 1662 2871 de
1695 2799 1780 2873 Bal-

1185 2907 1322 3002 heluy·

1136 3019 1320 3092 Robertus
1355 3017 1571 3094 Hamiltoun
1610 3024 1655 3096 de
1690 3023 1783 3097 Kin-

1138 3153 1140 3158 ·
1183 3133 1334 3205 cardin·

432 3445 583 3520 Decimo
608 3470 703 3518 nono
727 3446 786 3519 die
813 3440 946 3518 menfis
971 3444 1064 3540 Julij
1095 3469 1191 3518 anno
1219 3443 1368 3517 Domini
1392 3442 1581 3519 millesimo
1607 3449 1780 3544 quingen·

432 3555 557 3632 tasrmo
586 3553 881 3654 quinquagesimo
897 3595 907 3613 ·
925 3555 1009 3643 Quo
1040 3559 1100 3631 die
1131 3558 1289 3631 decanus
1316 3567 1355 3630 et
1385 3557 1585 3653 capitulum
1615 3558 1779 3633 Aberdo·

430 3669 538 3744 nense
562 3671 809 3767 capitulariter
833 3671 1043 3767 congregati
1070 3671 1109 3742 in
1127 3671 1236 3743 domo
1267 3669 1456 3765 capitulari
1474 3667 1634 3743 eiusdem
1652 3673 1698 3744 ad
1725 3676 1778 3745 in·

430 3781 655 3879 haseriptum
680 3781 849 3856 effecum
869 3790 909 3854 et
933 3781 1025 3855 ahos
1041 3783 1143 3857 ocus
1167 3782 1385 3877 capitulares
1411 3783 1616 3856 tmcmros
1632 3798 1780 3878 propter

430 3905 547 3969 certm
563 3909 602 3969 et
613 3893 845 3968 rationabiles
857 3892 981 3968 causas
998 3895 1201 3968 eorundem
1216 3897 1357 3968 animos
1371 3905 1564 3968 mouentes
1580 3894 1777 3969 clausulam

430 4005 736 4103 retroscriptamm
770 4007 959 4080 literarum
993 4009 1033 4080 in
1066 4030 1141 4102 qua
1156 4016 1326 4081 -cauctur
1356 4003 1568 4103 magistmm
1595 4005 1777 4081 loannem

431 4116 610 4194 Watsoun
626 4115 773 4216 astringi
790 4116 963 4194 adsemel
979 4121 1019 4193 in
1036 4142 1133 4207 anno
1150 4118 1352 4214 quamlibet
1369 4114 1598 4192 eccleliarum
1616 4142 1776 4192 commu·

430 4233 532 4306 nium
558 4233 644 4305 dici
670 4230 820 4326 capituli
846 4227 1061 4306 vilitandam
1078 4239 1151 4305 etc
1168 4230 1374 4305 limitarunt
1390 4241 1429 4304 ct
1445 4233 1675 4327 interpretati
1692 4229 1775 4305 sunt

430 4343 585 4440 intelligi
614 4343 748 4418 debere
778 4344 826 4417 de
848 4343 1014 4440 qualibet
1042 4339 1276 4419 eccleliarum
1309 4345 1558 4417 communium
1585 4343 1775 4438 principali

430 4454 504 4532 fine
514 4458 656 4532 matrici
670 4466 709 4531 et
725 4479 799 4529 non
816 4455 864 4532 ds
885 4457 1184 4552 pendicularibus
1200 4451 1359 4530 eccleliis
1375 4451 1451 4529 liue
1472 4457 1625 4528 annexis
1641 4453 1775 4529 eisdem

430 4593 581 4669 quarum
610 4569 834 4666 parochianis
855 4566 942 4644 satis
965 4571 1037 4645 erit
1062 4571 1257 4644 informare
1282 4568 1439 4664 quadiu
1464 4567 1675 4642 matricibus
1691 4591 1775 4640 con·
