4590 5954
452 695 497 760 14
968 681 1274 758 REGIS'I'RUM
1635 693 1788 790 [escum

446 885 604 980 aliquem
630 909 736 960 cruce
754 882 932 982 signatum
950 880 1009 956 seu
1028 881 1201 956 clericum
1218 891 1364 975 captum
1383 906 1445 976 pro
1461 887 1654 962 homicidio
1678 891 1789 984 preda

448 999 637 1072 latrocinio
670 1001 830 1072 maxime
860 994 887 1071 sr
917 993 1021 1090 super
1053 995 1124 1091 hijs
1157 993 1343 1087 maleficijs
1376 995 1510 1068 suerint
1542 1001 1712 1075 defamati
1741 1004 1788 1076 de

448 1113 615 1185 manibus
648 1111 865 1184 balliuorum
895 1110 1069 1183 laicorum
1096 1110 1256 1202 requirat
1285 1102 1359 1178 fine
1387 1104 1477 1179 iussu
1506 1119 1545 1181 et
1573 1111 1788 1187 conscientia

448 1220 605 1318 episcopi
629 1223 870 1296 archidiaconi
888 1221 946 1294 vel
965 1223 1092 1294 decani
1118 1221 1187 1294 loci
1213 1221 1310 1292 illius
1326 1219 1385 1292 rbi
1403 1219 1511 1290 fuerit
1526 1225 1785 1314 requirendus·

448 1334 679 1429 probibemus
707 1335 818 1406 etiam
844 1357 893 1406 ne
919 1333 1032 1406 laicus
1058 1329 1236 1405 fideiussor
1260 1333 1466 1404 inueniatur
1489 1333 1584 1426 apud
1610 1334 1786 1406 bellinum

449 1445 581 1519 laicum
595 1468 660 1540 pro
673 1446 801 1518 talium
815 1455 1004 1540 captorum
1017 1443 1251 1517 liberatione·
1264 1441 1461 1517 statuentes
1471 1445 1566 1536 quod
1580 1445 1787 1519 detentores

449 1557 578 1631 talium
603 1555 958 1653 priuilegi[at]orum
980 1553 1169 1652 postquam
1186 1559 1359 1629 canonice
1383 1557 1508 1628 moniti
1527 1555 1661 1628 fuerint
1677 1567 1717 1629 ct
1732 1581 1788 1630 rc-

449 1665 571 1763 quiliti
587 1671 724 1742 fuerint
744 1669 789 1742 cd
812 1669 1064 1742 liberationem
1081 1669 1278 1746 eorundem
1294 1691 1359 1763 per
1374 1665 1557 1742 censuram
1578 1663 1788 1742 ecclesiasti·

449 1805 528 1854 cam
546 1780 813 1874 compellantur
834 1823 842 1840 ·

898 1997 1092 2071 XXVIII.
1118 1999 1177 2072 De
1193 2003 1320 2073 eodem
1341 2043 1349 2060 ·

449 2223 654 2296 Statuimus
682 2223 792 2292 etium
820 2217 972 2291 clericos
999 2221 1036 2290 in
1060 2218 1222 2312 quolibet
1250 2221 1374 2293 ordine
1396 2224 1443 2295 ab
1464 2219 1702 2300 ecclesiastic
1725 2229 1787 2300 de·

450 2334 649 2406 sendendos
666 2329 781 2402 donec
799 2332 972 2424 exigente
990 2325 1129 2402 iusticia
1150 2341 1297 2425 propter
1319 2333 1578 2408 immanitatem
1595 2340 1785 2411 criminum

449 2443 659 2537 ususceptis
685 2443 871 2514 ordinibus
897 2443 1140 2538 degradentur
1156 2485 1166 2500 ·
1184 2453 1223 2514 et
1246 2465 1292 2514 nc
1314 2442 1487 2516 maleficia
1512 2445 1694 2520 transeant
1720 2451 1786 2520 im·

449 2558 579 2652 punita
595 2558 632 2626 in
649 2553 835 2649 meloflcijs
849 2549 1060 2649 deprehensa
1076 2563 1143 2626 aut
1157 2549 1335 2626 manifesti
1352 2555 1504 2628 conuitti
1520 2559 1616 2630 arde
1627 2553 1786 2632 custodie

450 2671 602 2742 carceris
629 2664 817 2760 dyocesani
840 2689 949 2760 quem
970 2665 1125 2760 quilibet
1152 2663 1336 2761 episcopus
1364 2667 1495 2740 habore
1520 2679 1668 2742 tenetur
1693 2670 1785 2744 tales

449 2781 571 2855 clerici
587 2779 891 2852 commendentur
905 2801 949 2851 ac
965 2800 1060 2872 pane
1075 2777 1209 2851 doloris
1225 2787 1265 2850 et
1280 2801 1372 2871 aqua
1388 2777 1628 2856 uibulaoooia
1649 2781 1784 2856 ibidem

449 2890 696 2965 sustententur
713 2913 760 2962 ne
777 2889 872 2961 inme
890 2888 949 2962 vel
967 2885 1024 2962 siti
1042 2891 1080 2961 in
1097 2913 1239 2964 carcere
1256 2886 1496 2962 suffocentur·

932 3109 1086 3183 XXIX.
1113 3110 1171 3183 De
1186 3112 1284 3206 serijs
1301 3153 1310 3168 ·

448 3339 653 3412 Statuimns
678 3337 790 3407 etium
809 3333 904 3427 quod
923 3333 970 3406 dc
986 3344 1109 3407 cetero
1134 3333 1268 3428 placita
1284 3332 1452 3408 secularia
1467 3339 1504 3409 in
1522 3336 1648 3413 diebus
1671 3341 1785 3415 domi·

447 3452 538 3525 nieis
555 3473 597 3522 ac
612 3449 649 3518 in
663 3445 744 3538 alijs
761 3441 1020 3517 iestiuitatibus
1038 3442 1278 3540 solempnibus
1295 3449 1442 3520 minime
1459 3461 1651 3523 teneantur
1667 3477 1783 3548 neque

447 3566 484 3635 in
502 3558 661 3654 ccclelijs
686 3557 873 3649 cimiterijs
889 3569 954 3628 aut
971 3557 1050 3650 alijs
1076 3557 1163 3630 locis
1181 3557 1260 3630 Doo
1288 3559 1461 3633 dedicatIs
1485 3561 1573 3638 talia
1596 3563 1729 3659 placita
1744 3579 1784 3641 ct

447 3675 606 3746 maximo
628 3666 734 3742 cause
760 3664 973 3764 snnmrinum
999 3680 1064 3742 aut
1089 3668 1291 3743 orsminalcs
1313 3692 1378 3764 por
1396 3669 1623 3768 quoscunque
1646 3677 1783 3752 iudices

448 3783 624 3858 seculares
641 3777 731 3853 locis
746 3790 812 3855 aut
828 3781 1054 3874 temporibus
1070 3783 1236 3876 prodistis
1251 3783 1457 3879 agitentur·

505 4003 635 4078 XXX.
662 4002 719 4077 Vt
736 4002 924 4076 libertates
940 3999 1090 4078 ecclesie
1106 4001 1179 4080 sanc
1195 4007 1434 4080 diminutione
1449 4005 1730 4086 conseruentnr·

446 4230 651 4305 Statuimus
679 4227 791 4300 etiam
821 4227 918 4320 quod
947 4227 1039 4300 nulli
1068 4231 1300 4325 permittatur
1328 4231 1459 4306 violare
1488 4247 1553 4308 aut
1580 4237 1780 4314 diminuere

446 4342 633 4416 libertates
662 4336 724 4410 seu
753 4339 1006 4413 immunitates
1034 4353 1074 4414 et
1102 4337 1376 4416 consuetudines
1403 4347 1632 4423 rationabiles
1660 4373 1779 4426 rerum

443 4463 509 4527 aut
538 4447 769 4549 personarum
800 4447 1117 4526 ecclesrcsticarum
1148 4451 1322 4528 basianus
1353 4453 1557 4532 obsematas
1584 4484 1628 4536 ac
1656 4463 1780 4538 diuino

442 4567 521 4638 iuro
538 4561 596 4636 rel
612 4561 773 4636 humano
787 4557 978 4636 salubriter
993 4575 1033 4637 ot
1048 4564 1313 4640 rationabiliter
1327 4569 1545 4644 mundone·
1561 4609 1571 4630 ·
