4590 5954
472 698 518 764 so
993 685 1297 761 nuorsunun
1656 691 1809 788 [secun

473 885 622 964 ecclesie
652 883 838 964 decesserit
865 898 904 961 et
932 881 1082 961 ecelesia
1107 885 1171 957 sua
1195 885 1320 958 relide
1348 885 1453 956 suerit
1485 882 1558 958 srne
1589 889 1809 960 indumentis

472 1000 754 1076 sacerdotalibus
779 999 1069 1098 competentibus
1086 997 1146 1070 rel
1163 993 1237 1068 line
1255 995 1355 1068 libris
1372 995 1425 1067 rel
1442 991 1516 1066 sune
1533 996 1690 1093 utrisque
1706 999 1765 1070 vel
1782 995 1809 1068 sr

473 1117 567 1190 sorte
584 1117 711 1189 domos
735 1109 886 1188 ecclesie
910 1113 1095 1206 reliquerit
1120 1111 1258 1182 dirutas
1276 1108 1333 1181 uel
1360 1103 1514 1179 ruinosas
1539 1109 1584 1180 de
1609 1109 1713 1182 bonia
1732 1113 1810 1180 ciue

473 1223 721 1302 ecclesiasticis
747 1235 852 1300 tanta
880 1225 998 1320 portio
1025 1225 1297 1316 edoceturque
1325 1217 1472 1293 sufficiet
1498 1221 1543 1291 ad
1573 1223 1809 1314 reparandum

474 1341 543 1414 heo
559 1352 599 1413 et
615 1337 780 1413 resectus
797 1333 947 1412 ecclesie
963 1333 1199 1432 supplendum
1218 1377 1226 1394 ·
1245 1329 1409 1406 rtenillia
1424 1355 1565 1424 quoque
1583 1333 1710 1404 domus
1735 1333 1811 1404 suc·

475 1448 597 1525 cessuri
614 1448 678 1523 suo
696 1449 879 1544 relinquat
896 1489 905 1506 ·

604 1673 775 1747 LXIIII.
801 1671 908 1758 Quod
927 1675 1012 1744 noui
1029 1669 1156 1744 census
1174 1693 1244 1742 non
1263 1673 1491 1765 imponantur
1506 1663 1654 1738 ecclesie
1672 1707 1680 1724 ·

476 1897 581 1970 Sicut
613 1900 650 1969 in
679 1893 841 1992 generali
871 1890 1023 1965 concilio
1050 1888 1105 1965 est
1131 1889 1306 1964 statutum
1335 1892 1480 1966 firmiter
1505 1891 1734 1986 prohibemus
1765 1914 1810 1962 ne

473 2011 560 2080 noui
578 2004 705 2080 census
730 2007 965 2098 imponantur
988 1999 1145 2096 ecclesrja
1171 2025 1238 2076 neo
1255 2014 1394 2076 retereo
1413 2013 1613 2098 augeantur
1628 2003 1812 2095 quodcun-

474 2143 545 2214 que
562 2128 690 2191 eontra
713 2117 783 2189 hoo
807 2115 927 2188 adum
945 2108 1000 2185 est
1016 2110 1107 2185 sicut
1125 2115 1161 2184 in
1180 2115 1308 2184 eodem
1334 2113 1481 2185 concilio
1499 2128 1647 2186 cautum
1664 2111 1718 2186 est
1736 2117 1813 2186 irri-

476 2245 554 2302 tum
572 2229 774 2301 habeatur·
794 2224 963 2298 nouerint
980 2226 1090 2296 ctiam
1112 2220 1306 2316 presentati
1325 2225 1416 2315 quod
1433 2226 1478 2295 do
1494 2236 1615 2297 cetero
1642 2227 1813 2299 iurobunt

474 2342 570 2436 quod
595 2364 665 2412 nec
691 2333 871 2434 promissio
898 2359 965 2408 nec
992 2336 1108 2430 pastio
1135 2334 1256 2429 alique
1284 2331 1420 2407 intersu
1446 2337 1540 2406 inter
1565 2334 1656 2429 ipsos
1673 2348 1711 2407 et
1733 2361 1813 2432 pre·

474 2450 674 2526 scrutatores
700 2459 849 2547 propter
871 2448 1086 2520 beneficium
1110 2446 1317 2519 habendum
1341 2461 1380 2518 et
1401 2449 1554 2520 rnaxirnc
1578 2448 1623 2519 de
1648 2452 1812 2542 augendo

474 2559 645 2661 pensione
661 2603 671 2620 ·

906 2781 1030 2856 LXV.
1057 2781 1115 2856 De
1132 2785 1387 2856 matrimonio·

474 3013 597 3098 Quum
624 3009 894 3080 matrimonium
913 3008 959 3078 ab
979 3005 1053 3100 ipso
1071 3005 1151 3078 Deo
1176 3009 1214 3079 in
1240 3005 1399 3101 paradiso
1423 3007 1580 3080 noscitur
1605 3006 1810 3082 institutum

473 3135 512 3196 et
528 3118 646 3216 quoad
672 3119 849 3214 originem
875 3119 1029 3211 primum
1047 3114 1100 3188 est
1118 3120 1215 3190 inter
1231 3117 1302 3192 alia
1319 3115 1534 3192 sacramenta
1552 3132 1591 3192 rt
1609 3121 1756 3194 liberius
1772 3139 1812 3196 et

473 3235 646 3308 canonice
671 3233 718 3303 de
743 3243 865 3302 cetero
895 3227 1128 3301 contrahatur
1157 3231 1375 3324 precipimus
1398 3240 1436 3302 rt
1465 3230 1555 3303 nulli
1586 3233 1694 3304 detur
1722 3235 1811 3305 tides

473 3349 519 3420 de
548 3345 780 3420 matrimonio
810 3341 1056 3414 contrahendo
1087 3336 1150 3412 nili
1181 3363 1302 3412 coram
1333 3338 1511 3413 sacerdote
1541 3355 1579 3414 et
1607 3344 1723 3416 tribus
1752 3345 1808 3416 uel

473 3473 629 3554 quatuor
660 3457 744 3526 uiris
774 3453 964 3546 lidedipnis
993 3451 1037 3524 ad
1073 3451 1139 3524 hoc
1169 3449 1373 3546 slecialiter
1402 3457 1643 3526 conuocatis·
1674 3455 1810 3528 Nullus

472 3569 635 3644 sacerdos
652 3562 833 3662 presumat
850 3564 986 3656 aliquas
1004 3561 1168 3658 personas
1185 3564 1494 3637 matrimonialiter
1509 3567 1726 3662 coniungere
1742 3569 1808 3640 nisi

472 3684 570 3778 priua
595 3689 700 3752 terna
725 3677 1004 3749 denunciatione
1032 3678 1067 3746 in
1089 3671 1240 3747 ecclesia
1264 3675 1407 3770 publice
1422 3687 1460 3749 et
1477 3675 1707 3772 solempniter
1730 3703 1810 3774 pre·

471 3789 573 3866 missa
597 3789 794 3864 secuudum
821 3789 971 3859 surmont
1002 3785 1144 3880 concilij
1170 3786 1350 3882 generalis
1378 3789 1427 3861 ita
1449 3789 1544 3882 quod
1565 3791 1626 3882 qui
1654 3791 1808 3866 voluerit

471 3917 510 3978 et
535 3902 691 3977 valuerit
718 3899 920 3996 legitimum
948 3899 1247 3992 impedimentum
1274 3911 1429 3994 opponat
1449 3941 1458 3958 ·
1477 3897 1671 3974 lnlribennt
1696 3907 1806 3978 ctiam

470 4015 672 4091 sacerdotes
690 4009 755 4084 sub
772 4033 866 4106 pena
882 4011 1267 4082 excommunicationis
1284 4035 1331 4083 ne
1347 4013 1423 4105 quir
1438 4011 1532 4084 celet
1548 4013 1808 4108 impedimenta

469 4125 689 4219 matrimonij
708 4117 890 4196 maliciose
906 4133 946 4192 ct
962 4145 1009 4192 ne
1026 4121 1105 4214 quis
1122 4121 1304 4194 maliciose
1321 4124 1582 4196 matrimonium
1605 4127 1778 4220 impcdiat
1796 4171 1804 4188 ·

470 4237 550 4335 Ipse
566 4237 677 4311 etiam
705 4229 891 4329 presbyter
908 4231 1163 4306 nichilominus
1183 4231 1377 4332 inuclligct
1391 4247 1507 4308 rtrum
1523 4237 1667 4330 aliquod
1693 4241 1805 4334 impe·

468 4353 671 4424 dimentum
690 4339 834 4418 obsistat
853 4365 1010 4437 cumque
1026 4347 1231 4439 apparuerit
1256 4345 1445 4440 probabilio
1459 4351 1664 4423 contectura
1678 4365 1804 4426 contra

467 4461 634 4560 copulam
668 4453 953 4532 contrahendam
986 4457 1192 4529 concneun
1230 4457 1463 4532 interdicatur
1497 4457 1656 4555 expresse
1689 4464 1804 4538 donec

467 4574 553 4672 quid
569 4573 648 4646 fieri
666 4569 798 4644 debeat
815 4565 982 4664 supereo
999 4565 1199 4642 manifestio
1214 4565 1413 4644 constiterit
1427 4570 1651 4648 documentia
1668 4617 1676 4634 ·
1695 4574 1804 4650 Clan-
