4546 5922
457 705 544 802 m]
911 703 1317 780 Ansnnounusn.
1730 706 1799 778 sor

456 907 651 979 adiutrices
668 907 714 980 de
731 905 797 981 sno
813 931 914 980 mero
932 917 972 982 et
993 903 1192 1001 conquestu
1209 916 1345 979 certum
1370 905 1603 997 pecuniarum
1625 901 1801 975 summam

455 1041 540 1090 cum
558 1018 769 1113 quibusdum
783 1021 863 1117 alijs
880 1022 989 1096 rebus
1005 1021 1111 1091 nobis
1128 1027 1167 1089 et
1179 1012 1395 1088 monasterio
1412 1012 1532 1086 nostro
1549 1011 1750 1106 necessarijs
1762 1025 1802 1087 et

454 1135 641 1225 oportunis
658 1135 817 1208 contulit
834 1146 873 1206 et
886 1134 1037 1206 donauit
1054 1131 1100 1200 de
1111 1128 1242 1220 quibus
1253 1124 1421 1196 omnibus
1436 1134 1474 1196 et
1492 1121 1639 1220 singulis
1655 1122 1803 1216 premis·

454 1237 500 1316 fis
515 1247 698 1340 prelatum
709 1242 919 1342 magistrum
932 1243 1128 1336 Symonem
1145 1236 1260 1308 Dodis
1278 1243 1316 1306 et
1329 1233 1412 1308 suos
1428 1238 1577 1308 heredes
1587 1245 1801 1308 executores

455 1366 494 1428 et
510 1353 704 1455 affignutos
720 1381 820 1430 nunc
837 1364 877 1430 et
893 1357 1163 1448 imperpetuum
1181 1345 1502 1440 quieteclumamus
1519 1372 1583 1443 per
1595 1343 1800 1440 presentes·

454 1467 701 1554 Quamobrem
726 1465 971 1541 benefacienti
988 1460 1203 1532 benefacere
1219 1457 1442 1552 obligatione
1459 1459 1613 1531 naturali
1631 1468 1802 1529 tenemur

453 1578 589 1656 aursei
602 1604 669 1653 nos
680 1581 795 1676 igitur
807 1578 904 1670 prior
915 1583 956 1645 et
968 1580 1174 1645 conuentus
1192 1569 1327 1642 ordinis
1342 1569 1617 1644 Carmelitarum
1631 1568 1801 1642 deAber-

453 1694 525 1767 den
536 1694 738 1790 obligamus
750 1683 856 1785 [nos]
868 1686 940 1757 fide
951 1685 1071 1755 media
1081 1691 1121 1754 et
1131 1676 1344 1754 successores
1354 1679 1492 1756 nostros
1504 1680 1606 1780 [pro]
1619 1705 1690 1754 rna
1700 1675 1801 1752 millu

452 1805 669 1880 celebranda
678 1803 725 1875 de
735 1801 845 1874 beata
857 1797 995 1892 virgine
1006 1789 1155 1890 singulis
1168 1791 1325 1866 sabbatis
1339 1791 1486 1890 smgulis
1503 1796 1704 1868 ebdomatis
1721 1815 1801 1889 per-

451 1919 573 2013 petuis
582 1914 715 1987 futuris
724 1907 949 2002 temporibus
959 1929 1025 2001 per
1033 1906 1216 2000 prefatum
1227 1917 1447 1980 conuentum
1460 1931 1523 2002 pro
1534 1907 1686 1981 animal
1690 1907 1801 1980 ohan·

452 2027 509 2102 nis
542 2026 687 2101 comitis
713 2023 759 2093 de
786 2019 872 2091 Mar
897 2027 935 2091 et
959 2017 1118 2091 Gariocb
1142 2028 1182 2090 et
1207 2039 1272 2112 pro
1297 2019 1421 2091 anima
1445 2019 1653 2116 Margarete
1675 2019 1801 2115 regine

452 2140 576 2215 Scotie
593 2146 633 2209 et
649 2157 714 2230 pro
727 2132 919 2203 fundatore
937 2127 1096 2202 eiusdem
1114 2153 1156 2201 oo
1173 2153 1239 2223 pro
1256 2131 1445 2203 animabus
1457 2135 1618 2204 omnium
1635 2131 1799 2204 fidelium

451 2252 704 2326 delnntiorum
721 2253 761 2316 et
778 2265 843 2338 pro
864 2243 1052 2314 animabus
1068 2243 1313 2336 preditiorum
1330 2245 1368 2313 in
1387 2242 1529 2317 lauacro
1546 2240 1647 2317 mille
1662 2241 1801 2316 scilicet

451 2349 1220 2459 postoli'ertoriumdeprosurrdbmoresolito
1231 2352 1521 2428 etconsuetovnu
1532 2354 1801 2448 cumobscquijs

451 2484 677 2548 mortuorum
690 2470 729 2539 ix
743 2466 939 2539 lettionnm
953 2463 1064 2536 semel
1076 2466 1114 2535 in
1128 2485 1224 2535 anno
1234 2460 1382 2560 singulis
1395 2470 1498 2538 annis
1509 2469 1692 2562 perpetuis
1702 2468 1801 2539 futu·

449 2589 499 2658 ris
508 2581 733 2676 temporibus
745 2587 854 2674 prout
868 2579 904 2648 in
915 2588 1081 2649 extremo
1094 2575 1229 2646 iudicio
1243 2574 1513 2650 coram-summo
1524 2580 1644 2651 iudice
1656 2577 1801 2672 respon·

451 2699 537 2769 ‹lcrc
554 2691 777 2764 voluerimus
795 2729 804 2746 ·
824 2689 868 2761 In
887 2690 990 2760 cuins
1003 2689 1056 2758 rei
1074 2682 1321 2758 testimonium
1339 2685 1498 2761 nostrum
1524 2686 1679 2784 tigillum
1702 2712 1800 2762 com·

449 2829 562 2881 mune
572 2800 684 2877 nostri
701 2812 906 2876 conuentus
917 2823 989 2871 vna
1001 2822 1085 2872 cnm
1104 2794 1413 2893 srgo'llooommuni
1424 2802 1573 2895 capituli
1590 2800 1701 2874 nostri
1719 2825 1800 2896 pro·

451 2917 617 2992 uincialis
634 2913 688 2990 est
705 2910 903 3010 appensum
921 2951 929 2970 ·
948 2911 1060 3007 Apud
1078 2910 1211 2982 Pertht
1228 2931 1303 2982 un.
1324 2932 1660 2987 suocccnxxxurr.

448 3255 562 3328 carta
576 3249 756 3323 lobannis
772 3247 940 3322 Colisone
958 3249 1067 3342 priori
1085 3258 1125 3320 et
1142 3246 1315 3320 fratribus
1327 3245 1602 3323 carmelitarum
1622 3288 1631 3307 ·

449 3455 483 3553 J
486 3478 647 3551 ohannes
662 3472 831 3548 Colisone
846 3469 1032 3568 burgensis
1044 3473 1151 3568 burgi
1162 3471 1209 3544 de
1224 3470 1422 3545 Aberdene
1438 3513 1448 3530 ·
1462 3513 1472 3531 ·
1487 3515 1496 3534 ·
1509 3473 1667 3547 Nouerit
1681 3473 1798 3550 restra

452 3585 664 3664 vninersrtas
688 3610 749 3659 me
772 3585 980 3657 Johannem
1003 3581 1173 3658 Colisone
1188 3623 1199 3641 ·
1214 3623 1243 3642 ··
1261 3578 1395 3656 dedill'e
1412 3605 1521 3656 vnum
1538 3608 1700 3658 annuum
1718 3590 1799 3661 red·

451 3705 570 3777 ditum
587 3723 651 3774 xx.
668 3701 698 3772 ἔ.
717 3698 848 3771 vsuaus
873 3707 1021 3769 monete
1047 3697 1150 3792 regni
1173 3693 1297 3768 Scotie
1323 3698 1509 3768 annuatim
1535 3710 1732 3772 exeuntem
1759 3711 1798 3773 et

336 3832 340 3840 ·
450 3815 646 3889 leuandum
672 3812 719 3884 de
744 3811 850 3884 terris
875 3810 966 3881 mois
982 3809 1029 3881 de
1048 3805 1283 3880 bonchleldis
1308 3829 1393 3879 cnm
1419 3810 1598 3881 territorio
1615 3813 1798 3885 anteriore

452 3927 489 4002 le
504 3925 570 4022 kyl
587 3936 627 3998 et
643 3923 745 3997 rudis
761 3921 883 3995 eidem
895 3921 1049 3993 annexis
1067 3919 1272 3992 iacentibus
1288 3940 1337 3990 ex
1349 3929 1450 4013 parte
1460 3922 1674 3996 occidentali
1692 3924 1798 4021 burgi

451 4039 497 4112 de
513 4035 711 4112 Aberdene
736 4042 846 4128 prout
870 4028 906 4104 se
924 4032 1094 4104 extendit
1110 4054 1134 4104 a
1150 4031 1210 4104 ria
1224 4031 1324 4126 regis
1347 4054 1419 4124 qun
1435 4032 1510 4103 itur
1524 4055 1547 4104 a
1563 4034 1658 4105 ditio
1682 4035 1798 4132 burgo

451 4147 573 4225 versus
588 4147 779 4222 canoniam
796 4145 843 4217 de
859 4144 1057 4218 Aberdone
1074 4167 1122 4217 ex
1139 4140 1306 4215 orientali
1324 4165 1372 4215 ex
1389 4165 1459 4215 vna
1474 4156 1514 4217 et
1531 4144 1565 4217 le
1582 4144 1799 4220 Bmidfurde

449 4287 498 4338 ex
514 4256 731 4336 occidentali
749 4257 913 4354 partibus
938 4257 985 4329 ab
1009 4256 1127 4329 alteru
1151 4255 1248 4327 inter
1264 4253 1383 4327 lacum
1402 4256 1447 4328 rle
1463 4253 1660 4330 Aberdene
1675 4257 1799 4332 versus

450 4369 611 4449 austrum
627 4381 668 4445 et
692 4391 925 4443 communem
943 4368 979 4444 le
1003 4369 1166 4464 Longrig
1181 4361 1304 4438 sersus
1329 4366 1465 4440 borium
1491 4391 1574 4440 cnm
1598 4367 1670 4442 suis
1694 4367 1798 4444 iustis

451 4483 682 4583 pertinentijs
698 4481 943 4576 omnipotenti
969 4479 1050 4554 Deo
1078 4492 1118 4554 et
1141 4479 1248 4552 beate
1267 4477 1386 4552 Marie
1415 4479 1581 4554 omnibns
1605 4478 1734 4555 aneu
1758 4497 1799 4559 et

452 4597 562 4694 priori
587 4606 628 4671 et
651 4593 823 4670 iratribus
850 4593 1155 4668 conuentunlibus
1179 4590 1458 4666 Carmelitarnm
1474 4591 1521 4666 de
1536 4592 1733 4668 Aberrlene
1759 4598 1795 4668 in
