4526 5954
483 689 556 754 244
1003 673 1310 756 REGISTRUM
1671 686 1822 786 [oneum

483 989 528 1066 In
548 1017 810 1070 nnnrcrrroue
830 1017 1010 1070 nocensne
1031 993 1338 1068 Aonnoounusrs
1357 1031 1365 1050 ·
1384 988 1527 1066 Lecrro
1549 1015 1650 1066 crum
1669 996 1824 1068 Apocu-

808 1131 928 1182 mrere
944 1130 1058 1181 neem
1075 1104 1275 1180 Jonnuurs
1294 1127 1476 1179 orooronr
1494 1145 1502 1162 ·

534 1332 578 1404 In
596 1335 724 1406 diebus
749 1331 821 1406 illie
840 1332 918 1430 Ego
931 1333 957 1404 J
959 1336 1121 1406 ohannes
1139 1332 1211 1405 vidi
1230 1333 1413 1405 ciuitatem
1425 1327 1583 1402 uncam
1593 1327 1819 1402 Hierusalem

481 1468 614 1517 nouem
633 1445 911 1518 descendentem
933 1447 979 1518 de
996 1445 1076 1518 ceio
1102 1443 1222 1518 eDeo
1247 1453 1405 1540 peretum
1423 1437 1514 1515 siout
1531 1438 1694 1536 sponsum
1719 1463 1822 1512 orno·

481 1568 557 1629 torn
584 1558 659 1626 viro
685 1553 748 1626 suo
782 1595 791 1612 ·
819 1554 871 1626 Et
896 1556 1020 1626 audiui
1051 1579 1177 1629 vocem
1209 1577 1375 1652 magnum
1399 1553 1444 1626 de
1482 1553 1613 1625 throno
1639 1551 1820 1626 dicentem

481 1665 578 1739 Ecce
604 1665 878 1738 tabernaculum
906 1664 976 1736 Dei
994 1689 1077 1738 cunr
1105 1669 1312 1741 homiuibus
1329 1679 1367 1740 et
1389 1665 1569 1739 habitabit
1594 1686 1677 1736 cum
1703 1666 1756 1737 eie
1781 1677 1820 1734 et

480 1773 545 1872 ipsi
563 1774 718 1870 populus
736 1777 816 1848 eiue
832 1786 940 1847 erunt
958 1786 998 1847 et
1015 1774 1090 1870 ipse
1108 1775 1209 1850 Deus
1226 1803 1309 1851 cum
1327 1785 1378 1852 eie
1394 1779 1462 1851 en‘t
1479 1797 1605 1850 eorum
1622 1773 1751 1848 Deus·
1772 1773 1819 1846 Et

479 1882 661 1982 absterget
687 1886 790 1959 Deus
807 1908 952 1959 omnem
972 1886 1191 1980 lachrymam
1209 1891 1255 1961 ab
1271 1889 1384 1963 oculie
1407 1913 1531 1962 eorum
1550 1899 1588 1962 et
1613 1910 1710 1961 more
1727 1887 1820 1960 vitro

479 2023 553 2072 non
578 2001 649 2073 erit
667 2019 786 2091 nequo
812 1996 931 2070 ludius
956 2021 1074 2091 noque
1100 1997 1238 2070 clomor
1261 2022 1377 2094 neque
1400 2000 1502 2075 dolor
1517 2003 1588 2074 erit
1615 1999 1710 2074 vitro
1736 2001 1820 2096 quio

478 2114 595 2205 primo
611 2111 806 2183 obierunt·
828 2109 877 2182 Et
902 2109 998 2181 dixit
1024 2109 1085 2202 qui
1111 2107 1259 2182 sedebat
1276 2113 1314 2182 in
1339 2111 1466 2184 throno
1491 2111 1590 2186 Ecce
1614 2134 1710 2185 nouo
1726 2111 1818 2186 socio

478 2245 626 2296 omme·

905 2667 1113 2742 Peouumu
1136 2669 1396 2745 Srucronurr·

753 2891 798 2968 Iu
818 2916 883 2966 ure
903 2917 1015 2968 neum
1037 2895 1206 2967 ,innuen
1225 2937 1235 2954 ·
1255 2895 1318 2968 Ao
1340 2893 1552 2970 Rorrrme·

531 3123 674 3196 Fratres
690 3160 700 3179 ·
719 3120 839 3193 Corde
855 3119 1015 3192 creditur
1032 3122 1075 3190 od
1104 3118 1279 3190 iusticiam
1297 3141 1359 3192 ore
1373 3133 1497 3192 cutem
1515 3120 1558 3193 fit
1582 3117 1753 3195 consessio
1768 3126 1813 3196 od

460 3235 655 3310 seiuuem·
676 3231 778 3305 Dicit
803 3233 901 3304 onim
918 3229 1093 3325 scripturn
1121 3235 1237 3302 «cunis
1255 3235 1316 3324 qui
1333 3231 1445 3305 credit
1462 3233 1499 3306 in
1518 3233 1622 3306 ilium
1640 3255 1713 3308 non
1730 3258 1814 3308 ron·

477 3349 675 3421 sundctur·
695 3344 783 3418 Non
809 3346 908 3417 enim
933 3339 987 3414 ost
1012 3341 1194 3415 ‹iistinitio
1215 3343 1317 3416 iudci
1342 3353 1379 3416 et
1395 3343 1503 3418 Greci
1526 3367 1610 3420 num
1628 3347 1725 3420 idem
1751 3349 1814 3420 do-

477 3462 597 3532 minue
620 3459 782 3530 omnium
808 3458 911 3529 diuee
942 3457 979 3526 in
1005 3478 1132 3526 cunnos
1156 3459 1217 3548 qui
1246 3459 1415 3529 innocent
1442 3455 1547 3530 iilum
1572 3459 1691 3532 omnic
1714 3463 1811 3532 euim

475 3575 694 3668 quicumque
712 3569 937 3642 inuocauerit
955 3591 1089 3642 nomeu
1106 3569 1242 3639 «iounini
1261 3568 1378 3642 siriuue
1397 3571 1468 3642 erit
1484 3607 1493 3628 ·
1511 3569 1702 3656 Quomodo
1727 3594 1813 3668 ergo

475 3683 698 3758 iunocobunt
710 3683 864 3776 inquom
876 3703 947 3752 non
961 3679 1199 3752 oreiidcrint'!
1218 3682 1297 3752 Aut
1310 3681 1486 3774 quomodo
1495 3683 1646 3757 credent
1657 3685 1691 3757 ei
1702 3706 1809 3779 quem

475 3819 548 3870 uon
573 3793 769 3866 audierunt
784 3792 1154 3877 i=Quomodouutcn1
1173 3793 1352 3864 audierint
1367 3788 1688 3888 sruoprodicrntei
1712 3795 1812 3882 Quo-

473 3906 582 3980 modo
599 3927 684 3976 vero
701 3905 941 3999 predicabant
966 3900 1030 3976 nisi
1051 3905 1271 3976 mittuntur?
1297 3903 1399 3978 Sicut
1415 3901 1585 4001 scriptum
1611 3903 1666 3980 est
1690 3907 1808 3994 Qoon

474 4013 619 4115 speciosi
638 4016 748 4112 podee
765 4015 1095 4112 euangelizoutium
1114 4039 1239 4110 putem
1258 4015 1580 4112 crrongclirrntium
1597 4019 1718 4094 bono·
1734 4021 1808 4094 Sed

473 4153 547 4204 non
564 4149 691 4201 omnen
707 4125 885 4200 obediunt
900 4127 1114 4222 euengeiio·
1133 4127 1242 4200 li'riue
1254 4130 1350 4200 onim
1368 4129 1454 4202 dicit
1472 4127 1630 4206 Domine
1642 4137 1810 4228 quircre·

472 4243 565 4315 didit
578 4239 719 4314 auditui
731 4233 872 4326 nostros
889 4237 1088 4334 Ergoiidee
1101 4263 1147 4310 ex
1161 4239 1287 4311 rurriitu
1299 4242 1573 4316 rudituooutem
1584 4247 1808 4340 perverbum

472 4349 604 4428 Christi
623 4391 632 4410 ·
659 4353 732 4425 Sed
752 4351 834 4424 dico
852 4349 1032 4444 Nunquid
1049 4373 1122 4422 non
1140 4351 1356 4426 audierunt!
1379 4352 1425 4426 iit
1442 4355 1588 4450 quidem
1605 4358 1644 4432 iu
1660 4379 1804 4432 omnem

477 4479 609 4538 terrum
626 4465 745 4538 exiuit
762 4460 870 4540 sonus
885 4485 1012 4536 eoruur
1030 4474 1067 4535 ot
1087 4465 1124 4535 in
1142 4465 1232 4536 iiuer
1248 4465 1344 4538 orbiu
1359 4475 1452 4542 terre
1469 4468 1579 4542 uerbo
1594 4491 1719 4544 eornm
1737 4509 1746 4530 ·
