4526 5954
514 741 615 835 xm]
981 745 1388 821 AnnunoNuNsu.
1781 755 1855 828 ear

511 943 575 1014 bar
590 947 806 1018 camerarius
823 947 909 1021 dicti
930 945 1136 1041 monasterij
1155 949 1200 1020 de
1217 944 1427 1018 Aberbroth
1445 943 1532 1014 mihi
1558 951 1707 1016 tenetur
1723 985 1731 1002 ·
1751 946 1852 1021 Parti

510 1075 594 1125 vero
611 1055 718 1129 huius
735 1059 928 1133 indenture
950 1083 1064 1155 penes
1080 1060 1216 1130 ditium
1244 1057 1399 1128 Paulum
1417 1053 1512 1124 Oreb
1528 1057 1731 1126 remanenti
1756 1055 1852 1154 iigii-

509 1165 585 1237 lum
602 1188 724 1240 meum
741 1159 795 1243 6st
811 1169 1008 1266 appensum
1027 1172 1128 1244 etad
1145 1169 1298 1240 alteram
1316 1174 1456 1257 partem
1473 1187 1584 1258 penes
1594 1187 1655 1236 me
1670 1165 1848 1242 Joanuem

508 1276 603 1352 Crob
619 1293 870 1356 remanentem
883 1279 1040 1378 tigillum
1058 1277 1210 1373 predicti
1230 1276 1336 1347 Pauli
1354 1271 1408 1346 est
1421 1273 1616 1369 appensum
1628 1318 1637 1336 ·
1650 1275 1743 1349 aea
1755 1280 1849 1352 fatte

508 1391 567 1462 die
592 1391 670 1467 loco
697 1404 737 1466 et
760 1416 857 1468 anuo
881 1390 1093 1486 supradictis
1123 1428 1133 1445 ·
1161 1385 1344 1460 Producit
1368 1387 1440 1458 fuit
1463 1387 1501 1458 iu
1516 1385 1721 1460 medioista
1742 1390 1849 1464 litera

508 1524 626 1577 coram
653 1508 854 1579 reuerendo
882 1506 919 1575 in
949 1498 1092 1574 Christo
1115 1509 1218 1594 patre
1248 1508 1288 1570 et
1310 1500 1456 1570 domino
1482 1499 1628 1571 domiuo
1644 1497 1847 1596 'Ingeremo

509 1615 695 1714 Lyudesay
706 1614 871 1713 episcopo
889 1607 1164 1686 Aberdonensr·

554 1951 834 2027 Memorandum
864 1948 962 2042 quod
989 1943 1140 2041 sequeus
1173 1958 1274 2022 carta
1307 1948 1365 2022 hic
1393 1945 1560 2021 scribitur
1587 1950 1636 2023 ad
1664 1949 1773 2022 finem
1807 1961 1845 2021 et

554 2063 720 2136 effectum
737 2070 779 2132 vt
794 2058 927 2132 sciatur
943 2061 1039 2155 quod
1058 2060 1103 2131 de
1119 2061 1246 2133 decem
1271 2061 1401 2134 marcis
1417 2083 1620 2132 annuorum
1635 2062 1844 2134 reddituum

519 2209 522 2216 ·
553 2175 592 2247 in
634 2183 735 2245 carta
766 2172 950 2243 contentis
987 2173 1168 2244 debentur
1200 2170 1365 2267 episcopo
1398 2168 1649 2245 Aberdouenfi
1691 2171 1844 2246 secunde

392 2273 395 2280 ⁴
554 2286 693 2359 decime
710 2283 882 2356 videlicet
898 2306 969 2356 vua
985 2307 1131 2357 marca·

502 2507 613 2583 carta
627 2489 795 2578 'auberti
823 2507 918 2601 regis
943 2506 1082 2580 Jacobo
1113 2502 1239 2580 Fraser
1264 2505 1372 2578 militi
1398 2507 1444 2579 de
1476 2506 1687 2602 quibusdam
1715 2512 1844 2581 annuis
1971 2521 1977 2539 ·

502 2618 703 2693 redditibus
719 2613 881 2690 couceiia
896 2658 906 2676 ·

501 2820 698 2919 Robertus
728 2841 799 2914 Dei
826 2844 944 2937 gratia
972 2864 1038 2914 rex
1065 2841 1259 2914 Scotorum
1293 2842 1462 2912 omnibns
1490 2840 1610 2935 probis
1638 2842 1843 2915 homiuibus

500 2956 614 3029 totius
631 2965 727 3026 terre
744 2951 806 3026 sue
830 2952 970 3027 clericis
987 2963 1026 3026 et
1043 2953 1144 3026 laicis
1160 2951 1315 3025 salutem
1341 2992 1350 3011 ·
1369 2953 1502 3026 Sciatis
1518 2975 1584 3026 nos
1601 2950 1733 3026 dediise
1757 2977 1843 3026 cou-

501 3063 633 3142 ccffiiie
659 3080 699 3139 et
724 3068 791 3140 hac
816 3066 975 3162 presenti
1003 3077 1103 3140 carta
1128 3062 1246 3138 nostra
1275 3061 1495 3138 confirmaise
1520 3065 1652 3138 coeco
1679 3075 1717 3138 et
1743 3066 1841 3139 fideli

499 3176 619 3252 nostro
635 3178 774 3250 Jacobo
792 3175 980 3250 Fraserde
998 3176 1222 3250 Freudrecht
1235 3178 1343 3249 militi
1361 3177 1466 3250 illum
1483 3200 1644 3250 annuum
1661 3179 1840 3252 redditum

500 3292 625 3364 decem
636 3311 834 3362 marcarum
845 3289 1011 3362 debiturn
1022 3297 1268 3362 etexeuutem
1276 3289 1464 3361 aunuatim
1477 3289 1522 3360 de
1531 3291 1637 3361 terris
1648 3289 1693 3362 de
1703 3290 1842 3363 duabus

500 3397 695 3496 Carnuliija
708 3423 791 3475 cum
803 3401 1039 3496 pertineucijs
1054 3400 1258 3473 iacentibus
1274 3401 1368 3472 iufra
1381 3401 1671 3473 vicecomitatum
1687 3401 1732 3473 de
1745 3401 1846 3474 Baui

501 3525 540 3587 et
557 3514 660 3586 illum
679 3535 840 3585 aunuum
853 3511 1036 3584 redditum
1050 3514 1175 3585 decem
1193 3533 1394 3585 morcarum
1408 3511 1571 3584 debitum
1589 3522 1628 3585 et
1644 3524 1839 3586 exeuntem

499 3626 545 3697 de
562 3627 667 3697 terris
694 3625 741 3696 de
765 3620 953 3718 Cuimesty
968 3647 1052 3696 cum
1076 3625 1313 3719 pertinencijs
1339 3624 1541 3697 iacentibus
1557 3626 1594 3696 in
1613 3625 1770 3699 dominio
1795 3627 1841 3698 de

500 3735 722 3810 Freudracht
733 3737 825 3808 inira
838 3736 1131 3808 vicecomitatum
1143 3736 1188 3807 de
1200 3733 1374 3807 Abreden
1386 3773 1396 3792 ·
1407 3737 1468 3827 qui
1480 3735 1624 3828 quidem
1638 3739 1746 3810 annui
1761 3739 1841 3810 red-

497 3850 596 3922 ditus
612 3850 710 3945 prius
727 3849 877 3922 fuerunt
893 3846 1191 3942 RicardiOomyu
1209 3845 1337 3918 militis
1349 3847 1565 3920 hereditarie
1582 3870 1628 3920 ex
1647 3849 1840 3920 donatione

497 3959 688 4034 recolende
699 3963 874 4033 memorie
885 3960 1067 4053 quondam
1079 3959 1217 4032 domiui
1229 3958 1350 4031 Dauid
1361 3959 1407 4030 de
1416 3957 1534 4053 Bruya
1544 3961 1637 4055 regia
1648 3959 1839 4032 Scotorum

497 4068 646 4145 illustris
660 4069 913 4167 predeceisoris
929 4068 1040 4144 nostn·
1058 4080 1097 4144 et
1113 4093 1204 4165 quos
1219 4092 1360 4143 munos
1371 4071 1535 4144 redditus
1551 4073 1649 4145 idem
1663 4071 1839 4144 Ricardus

497 4205 569 4256 nou
587 4185 623 4256 ri
640 4193 705 4257 aut
729 4194 832 4257 metu
853 4185 983 4256 ductus
1004 4207 1072 4257 uec
1097 4205 1217 4257 errore
1244 4179 1362 4277 lapsus
1385 4178 1447 4256 sed
1473 4206 1572 4256 mera
1588 4192 1628 4256 et
1641 4181 1840 4278 spontanea

497 4295 687 4370 voluntate
703 4292 771 4369 'sua
795 4297 900 4368 nobis
915 4291 1130 4390 periustum
1156 4305 1196 4368 et
1221 4294 1390 4367 baculum
1408 4293 1544 4368 sursum
1561 4295 1718 4366 reddidit
1733 4317 1840 4388 pure-

496 4431 568 4503 que
584 4420 623 4481 et
641 4404 852 4503 simpliciter
866 4403 1062 4504 refignauit
1077 4431 1120 4481 ac
1136 4416 1258 4480 totum
1275 4406 1332 4478 ius
1344 4415 1383 4479 et
1396 4404 1575 4480 clameum
1591 4407 1715 4500 quein
1734 4405 1839 4478 dictis

496 4521 626 4594 annuis
640 4519 843 4593 redditibus
858 4540 943 4592 cum
959 4520 1194 4615 pertinencijs
1209 4517 1338 4592 habuit
1357 4517 1417 4591 rei
1433 4519 1566 4591 babere
1583 4519 1705 4612 potuit
1720 4539 1785 4612 pro
1801 4514 1838 4590 se

495 4641 536 4705 et
551 4633 743 4706 heredibus
768 4621 917 4705 omuino
930 4633 1060 4726 ’quieta
1083 4631 1256 4706 clamauit
1273 4631 1310 4703 iu
1327 4641 1543 4726 perpetuum
1561 4671 1572 4692 ·
1587 4629 1777 4703 'l'eueudoa
1798 4641 1838 4704 et
