4526 5954
499 699 570 766 228
818 687 1124 766 REGIS'I'RUM
1149 682 1553 758 ABERDONENSE.

597 915 662 987 pro
692 890 808 966 salute
837 895 956 965 anime
983 887 1069 960 dieti
1096 876 1254 977 mnffl‘stn'
1283 881 1486 954 Alexandri
1511 894 1549 954 et
1573 887 1769 958 animarum
1794 889 1832 956 iu

599 1005 812 1077 fundatione
837 999 995 1076 eiusdem
1020 992 1304 1089 specificatamm
1329 993 1483 1066 alterum
1500 1016 1564 1086 pro
1579 999 1698 1070 anima
1721 1021 1834 1091 quon.

600 1116 683 1188 dam
707 1114 840 1187 nobilis
857 1113 923 1182 viri
948 1101 1107 1202 magistri
1123 1104 1251 1178 Joeobi
1269 1102 1403 1200 Ogiluy
1420 1105 1598 1198 quondam
1623 1111 1733 1180 etiam
1758 1133 1833 1182 ree·

598 1227 687 1298 toris
703 1249 726 1297 a
742 1220 907 1319 Kyukell
925 1217 1220 1310 oommendatarij
1239 1217 1285 1290 de
1303 1215 1495 1312 Dryburgb
1512 1231 1551 1288 et
1567 1240 1631 1311 pro
1646 1220 1832 1292 animabus

599 1340 638 1408 in
656 1337 753 1410 ditia
768 1333 981 1408 fundatione
998 1331 1216 1403 nominatis·

552 1449 623 1522 Pro
640 1449 770 1544 quibus
787 1443 986 1539 percipient
1006 1440 1091 1512 diei
1109 1443 1217 1514 vicari
1215 1445 1232 1535 j
1250 1441 1297 1512 de
1313 1437 1495 1513 maufioue
1511 1441 1593 1511 diiii
1612 1442 1755 1512 rettoris
1771 1464 1835 1534 per

501 1561 656 1635 eundem
666 1550 860 1650 conquesta
869 1563 908 1624 et
919 1550 1087 1624 edificata
1098 1575 1182 1626 eum
1198 1563 1279 1625 orto
1289 1563 1328 1625 et
1341 1553 1505 1624 domibus
1522 1549 1677 1624 eiusdem
1689 1547 1834 1648 fingnlis

500 1674 604 1746 aunis
629 1672 662 1764 vj
689 1668 752 1739 lib.
778 1661 840 1760 xiij
869 1665 900 1736 ἔ.
925 1660 976 1758 iiij
1003 1659 1040 1734 d.
1066 1666 1157 1736 eitra
1174 1686 1280 1738 vnam
1305 1689 1462 1738 maroam
1487 1663 1644 1736 debitam
1670 1666 1715 1736 de
1739 1664 1835 1736 ditia

499 1778 682 1856 mansione
707 1778 752 1850 ab
778 1778 928 1868 antiquo
953 1771 1156 1870 impoiitam
1182 1786 1222 1850 et
1247 1777 1293 1849 de
1318 1779 1432 1850 cauda
1461 1773 1616 1849 eiusdem
1643 1771 1832 1848 manfionis

500 1891 576 1990 xxij
596 1895 626 1964 ἔ.
644 1890 763 1984 locata
779 1889 818 1959 in
835 1885 1037 1959 feudibrma
1052 1886 1191 1959 Thome
1208 1887 1383 1960 Armorar
1399 1899 1437 1961 et
1455 1889 1643 1960 heredibus
1660 1887 1729 1960 suis
1746 1929 1755 1944 ·
1781 1887 1831 1960 Et

500 2007 546 2076 de
559 2003 678 2076 Crinio
690 2000 816 2072 eruitis
831 2021 915 2071 eum
928 1994 1112 2072 mansione
1129 2008 1169 2070 et
1184 2000 1273 2070 ortis
1290 2001 1490 2072 iacentibus
1507 2001 1597 2072 infra
1612 2003 1831 2073 territorium

499 2118 545 2188 de
560 2113 655 2206 Futy
668 2107 728 2206 viij
744 2110 807 2182 iio.
845 2107 895 2180 Et
908 2110 954 2181 do
971 2109 1087 2182 orosto
1099 2109 1277 2182 Johaunis
1294 2109 1483 2204 Collysoue
1500 2115 1646 2185 iunioris
1658 2114 1704 2186 de
1716 2113 1833 2187 Aber-

500 2229 593 2300 dene
610 2246 661 2296 xx
677 2225 709 2295 3.
727 2233 768 2294 vt
784 2223 822 2293 iu
839 2221 947 2294 cartis
965 2231 1004 2292 et
1021 2217 1216 2317 euidentijs
1242 2219 1393 2315 desuper
1409 2222 1579 2294 confodis
1595 2223 1703 2296 latius
1719 2227 1833 2297 enuti-

500 2347 608 2410 netur
620 2357 704 2409 eum
717 2331 925 2428 supradibtis
940 2333 1078 2426 vicariJs
1092 2334 1361 2405 remanentibus
1375 2348 1413 2404 et
1425 2331 1617 2426 registratis
1629 2337 1674 2408 ad
1687 2336 1831 2431 longum

499 2449 604 2546 super
620 2447 829 2522 eorumdem
846 2442 995 2540 registro
1012 2485 1021 2501 ·

697 2557 849 2631 Summa
864 2555 988 2628 totalis
1064 2609 1072 2625 .
1174 2609 1182 2626 .
1258 2554 1319 2654 xij
1339 2556 1401 2629 lin.
1418 2581 1466 2628 xv
1483 2560 1512 2630 ἔ.
1532 2556 1581 2655 iiij
1600 2556 1635 2629 d.

551 2673 609 2744 De
633 2694 705 2764 qua
730 2667 869 2741 summa
892 2663 1056 2763 affignati
1082 2669 1144 2761 viij
1170 2669 1199 2740 ἔ.
1218 2667 1280 2766 viij
1307 2666 1343 2740 d.
1370 2693 1434 2764 pro
1451 2666 1705 2743 sustentatione
1730 2695 1831 2742 orna-

500 2793 706 2858 mentorum
738 2777 927 2875 supraditti
961 2779 1085 2854 altaris
1109 2781 1185 2853 diui
1219 2779 1414 2854 Miebaelis
1446 2805 1510 2876 per
1538 2782 1650 2856 dittos
1683 2785 1830 2856 vicarios

501 2893 684 2990 perpetuis
700 2891 832 2964 futuris
848 2891 1071 2984 temporibus
1088 2933 1097 2950 ·
1116 2890 1167 2964 Et
1193 2887 1241 2965 fic
1265 2888 1401 2966 restant
1426 2892 1486 2992 xij
1506 2894 1566 2967 lib.
1593 2895 1627 2993 vj
1656 2899 1683 2970 ἓ.
1712 2892 1770 2992 viij
1792 2894 1829 2967 d.

501 3005 672 3079 videlieet
694 3026 759 3098 pro
781 2996 880 3073 mitia
905 3003 1114 3094 quotidiana
1129 3027 1154 3075 x
1172 3003 1233 3076 lib.
1284 3002 1335 3076 Et
1352 3027 1417 3098 pro
1434 3007 1571 3080 duobus
1587 3008 1831 3102 anniuersarijs

503 3111 749 3213 magistrorum
778 3113 905 3184 Jaeobi
932 3110 1067 3208 Ogiluy
1091 3125 1130 3187 et
1160 3115 1360 3188 Alexandri
1386 3116 1563 3212 Gallnuay
1588 3117 1622 3216 vj
1649 3119 1710 3192 lib.
1737 3117 1769 3216 vj
1801 3122 1830 3192 fi.

361 3233 364 3238 ·
502 3224 618 3328 vojo.
