4526 5954
441 625 513 697 246
914 679 917 686 ,
961 617 1271 692 REGISTRUM
1631 619 1783 716 [secum

442 845 575 896 nomeu
609 833 715 897 tuum
749 844 869 915 neque
894 821 1008 896 faeie,
1030 815 1137 886 nobis
1162 813 1421 885 contumelium
1445 811 1522 908 solij
1547 815 1662 909 glorie
1686 827 1784 888 tue·

442 935 645 1010 Reeurdare
671 960 718 1008 ue
735 935 877 1006 irritum
894 930 1004 1002 feeiue
1029 925 1135 998 fedus
1152 933 1259 996 tuum
1276 921 1456 997 nobiseum
1474 959 1484 978 ·
1502 923 1681 1018 Nunquid
1700 925 1783 998 sunt

441 1049 480 1120 in
497 1045 723 1142 sculptilibus
742 1046 910 1141 gentium
936 1039 999 1133 qui
1024 1035 1155 1130 pluent
1181 1043 1246 1109 eut
1271 1035 1340 1108 eeli
1357 1031 1497 1130 poliunt
1514 1035 1600 1108 dere
1617 1035 1784 1130 hymbree

443 1155 510 1232 nili
522 1168 564 1233 tu
576 1158 755 1232 volueris?
787 1155 924 1228 Nonne
937 1160 1030 1222 tues
1044 1148 1214 1220 domiuus
1225 1148 1315 1220 deus
1327 1143 1445 1219 noster
1456 1169 1567 1242 quem
1580 1147 1784 1240 expebiuui·

442 1272 546 1344 muel
594 1271 650 1342 Tu
668 1272 766 1343 euim
784 1260 900 1339 fecisti
917 1261 1039 1334 omniu
1057 1260 1127 1334 hec
1144 1261 1292 1333 domiue
1309 1261 1398 1333 deus
1413 1255 1554 1332 noster·

688 1596 876 1668 Tuueoue
893 1613 1005 1664 uetur
1023 1633 1032 1650 ·
1053 1591 1200 1667 Luerro
1219 1615 1327 1667 urum
1347 1592 1521 1665 Hrureu·

490 1822 536 1895 In
561 1821 688 1893 diebus
713 1817 786 1890 illis
811 1817 930 1888 orauit
955 1810 1092 1888 Hester
1108 1817 1155 1889 ud
1172 1817 1362 1890 dominum
1387 1818 1508 1891 dieene
1532 1817 1693 1893 Domine
1717 1843 1780 1894 rex

439 1935 668 2027 omnipotens
702 1933 739 2002 in
774 1929 914 2000 ditione
947 1939 1013 2000 tue
1045 1925 1181 2002 cundia
1213 1926 1298 2003 sunt
1326 1925 1439 2024 positu
1466 1939 1506 2004 et
1536 1955 1609 2004 non
1640 1929 1780 2028 estqui

437 2041 545 2141 pellit
561 2040 721 2116 resistere
748 2040 929 2113 voluntati
955 2049 1046 2111 tue·
1065 2037 1107 2111 Si
1128 2040 1333 2114 decreueris
1357 2040 1492 2116 saluere
1516 2065 1583 2116 noe
1608 2047 1781 2118 eontinuo

438 2157 673 2230 liberabimur
689 2196 698 2213 ·
716 2154 773 2226 Tu
790 2155 889 2226 enim
906 2152 1054 2224 domine
1078 2147 1195 2224 fecisti
1219 2151 1341 2225 celum
1357 2163 1398 2226 et
1412 2163 1544 2230 terrum
1561 2167 1602 2229 et
1618 2157 1781 2232 uniuersa

438 2292 510 2364 que
528 2267 597 2340 celi
613 2267 755 2340 ambitu
780 2265 1018 2338 continentur
1034 2303 1043 2322 ·
1060 2261 1118 2334 Tu
1135 2285 1175 2336 es
1192 2264 1362 2338 dominus
1384 2266 1544 2338 omnium
1563 2278 1604 2341 et
1629 2291 1703 2341 non
1726 2266 1779 2342 ell

437 2383 500 2476 qui
517 2376 656 2453 resistet
672 2378 854 2460 voluntati
871 2387 963 2450 tue·
980 2375 1032 2449 Et
1047 2399 1147 2450 nune
1164 2377 1313 2450 domine
1335 2399 1401 2451 rex
1414 2401 1541 2475 regum
1557 2381 1647 2454 deus
1662 2380 1780 2454 Abre-

436 2493 522 2566 hem
547 2489 715 2564 miserere
740 2488 875 2586 populo
901 2498 967 2562 tuo
993 2489 1080 2585 quie
1105 2487 1236 2562 volunt
1258 2511 1326 2562 noe
1349 2489 1482 2561 inimici
1502 2487 1612 2562 nostri
1629 2491 1779 2584 perdere

437 2615 476 2676 et
492 2605 735 2677 hereditatem
758 2612 858 2675 tuem
877 2601 999 2674 delere
1017 2643 1026 2662 ·
1045 2599 1108 2672 Ne
1125 2599 1300 2695 despicies
1316 2611 1453 2696 purtem
1469 2623 1579 2694 quem
1595 2599 1776 2675 redemisti

275 2707 279 2718 '
436 2717 505 2788 tibi
533 2713 594 2789 sed
610 2716 743 2788 exaudi
760 2715 1054 2808 deprecationem
1074 2709 1234 2788 nostrum
1260 2721 1301 2785 et
1328 2713 1501 2807 propitiae
1526 2708 1603 2786 esto
1627 2709 1714 2786 sorti
1739 2725 1777 2786 et

435 2825 598 2899 funiculo
613 2825 828 2899 hereditatis
850 2837 915 2897 tue
929 2865 938 2884 ·
953 2825 1003 2898 Et
1020 2835 1197 2898 conuerte
1213 2823 1353 2898 ludium
1375 2819 1532 2895 nostrum
1551 2826 1588 2896 in
1604 2827 1774 2922 gaudium

436 2951 476 3008 vt
493 2939 659 3010 uiuentes
676 2937 867 3009 laudemus
883 2958 1016 3008 nomen
1036 2945 1144 3009 tuum
1160 2945 1261 3009 etue
1279 2935 1423 3008 claudar
1437 2958 1501 3008 ore
1516 2939 1724 3011 canentium
1737 2950 1776 3010 te

433 3051 580 3122 domine
597 3049 687 3122 deus
704 3045 848 3121 noster·

483 3489 711 3577 QUEDAM
738 3487 808 3562 DE
836 3485 1168 3562 PONTIFICUM
1189 3484 1540 3562 SUCCESSIONE
1566 3486 1629 3560 ΕΤ
1654 3486 1724 3562 DE

905 3610 1112 3685 ORDINE
1138 3610 1330 3687 CHORI·

508 3824 656 3902 Breuis
673 3846 820 3899 rrurur
837 3823 1150 3899 Aurunouuuers
1169 3845 1409 3900 rourrrruuu
1425 3821 1710 3902 Ceruuuooue·

433 4024 655 4132 Mmlmur
672 4047 845 4122 Kennedi
862 4045 1057 4122 seotomm
1074 4071 1140 4123 rex
1159 4046 1474 4124 Murtbtlukeeuse
1490 4051 1670 4147 templum
1686 4075 1771 4128 eou-

430 4165 551 4242 stituit
583 4159 791 4238 cathedrale
828 4181 871 4233 ee
908 4159 1153 4234 repetendum
1187 4169 1331 4256 petrem
1366 4159 1527 4236 Beeuum
1561 4165 1768 4259 pontificem

429 4282 586 4377 primum
612 4277 649 4349 iu
674 4273 805 4348 eodem
820 4271 994 4368 prebuere
1009 4266 1110 4346 iuffit
1133 4293 1271 4346 euuoe
1295 4269 1436 4348 Christe
1456 4283 1544 4350 ueto
1559 4277 1689 4371 quinto
1713 4275 1769 4350 su·

427 4415 493 4488 pre
508 4383 725 4464 milefimum
750 4383 862 4472 ·Quo
886 4381 1058 4458 defendo
1082 4385 1123 4458 in
1147 4383 1228 4458 eiue
1244 4379 1366 4458 iduum
1383 4383 1579 4462 Deuurtiue
1602 4388 1767 4482 pontifex

426 4513 570 4578 ereetue
585 4495 640 4576 est
656 4537 667 4558 ·
683 4497 754 4574 Oui
767 4493 992 4573 eumaeum
1008 4535 1019 4556 ·
1036 4495 1108 4572 Cui
1126 4495 1319 4572 Nedenue
1339 4499 1402 4594 qui
1416 4521 1480 4596 per
1494 4493 1765 4574 illul'triffimurn
