4564 5968
456 769 540 864 xv.]
851 759 855 766 ’
927 773 1328 849 ABERDONENSII.
1724 783 1788 847 141

456 969 550 1040 Item
577 993 647 1042 vna
664 995 778 1068 cappa
795 975 841 1046 de
860 974 989 1046 blodeo
1002 975 1048 1047 de
1061 977 1156 1046 dono
1168 972 1325 1070 magistri
1352 971 1505 1044 Walteri
1521 969 1661 1043 Forstar
1678 993 1792 1064 quon·

503 1081 585 1153 dam
603 1083 759 1180 episcopi
784 1082 1062 1160 Breehinensrs·

454 1191 550 1265 Item
570 1217 640 1268 vna
664 1221 779 1294 eappa
803 1201 850 1272 de
869 1199 991 1271 veluet
1018 1199 1128 1270 veridi
1156 1198 1241 1268 data
1257 1217 1321 1286 per
1337 1193 1519 1264 dominum
1538 1193 1787 1266 Alexandrum

503 1307 549 1379 de
569 1307 704 1382 Forbee
721 1311 877 1384 militem
897 1351 904 1368 ·

453 1415 548 1490 Item
564 1443 635 1496 vna
651 1445 766 1516 eappa
784 1423 914 1495 veridis
932 1421 1104 1490 deaurata
1116 1441 1187 1509 que
1204 1417 1336 1488 dicitur
1352 1440 1464 1510 cappa
1473 1419 1518 1490 de
1529 1418 1788 1490 maledieioni-

502 1535 569 1606 bus
586 1535 672 1607 data
688 1557 754 1629 per
770 1536 957 1605 dominum
976 1529 1225 1600 Alexandrum
1244 1527 1446 1622 episcopum
1465 1571 1472 1588 ·

451 1642 547 1716 Item
582 1669 653 1720 vna
678 1669 792 1740 eappa
817 1644 948 1716 veridis
971 1641 1057 1712 data
1083 1663 1145 1733 per
1170 1641 1352 1712 domiuum
1380 1641 1626 1714 Alexandrum
1654 1641 1787 1736 episco-

500 1780 586 1851 pum
605 1799 613 1818 ·

377 1867 382 1878 '
451 1867 546 1942 Item
578 1893 650 1942 vna
672 1890 788 1962 eappa
817 1867 862 1937 de
890 1863 1120 1957 charbukylis
1143 1866 1228 1938 data
1252 1889 1317 1960 per
1332 1867 1514 1938 dominum
1533 1867 1782 1938 Alexandrum

498 1980 704 2076 episcopum
722 1988 761 2052 et
777 1986 943 2070 reparata
960 1999 1023 2069 per
1040 1977 1225 2049 dominum
1239 1977 1466 2051 Willelmum
1485 1982 1531 2051 de
1548 1977 1756 2052 Crawsurde
1774 2021 1782 2036 ·

449 2092 546 2166 Item
563 2094 635 2164 due
652 2113 766 2184 cappe
783 2089 829 2161 de
846 2087 957 2160 serico
977 2089 1087 2160 veridi
1105 2090 1276 2163 deaurate
1293 2093 1376 2166 date
1394 2115 1457 2187 per
1469 2093 1653 2165 dominum
1666 2091 1783 2165 Alex-

498 2206 651 2277 andrum
669 2199 875 2295 episeopum
895 2240 903 2256 ·

448 2315 545 2388 Item
572 2338 643 2387 vna
667 2335 782 2407 eappa
808 2313 854 2384 de
881 2313 992 2383 rerirli
1018 2313 1102 2384 data
1127 2337 1191 2408 per
1216 2315 1398 2389 domInum
1424 2317 1673 2389 Alexandrum
1691 2317 1783 2411 epis-

497 2450 627 2522 copum
646 2466 654 2482 ·

447 2539 543 2611 Item
571 2560 641 2609 vua
665 2559 779 2630 eappa
803 2536 850 2608 de
876 2536 987 2608 rubeo
1013 2535 1124 2608 serico
1141 2538 1226 2611 data
1249 2561 1312 2633 per
1328 2540 1512 2612 dominum
1530 2541 1780 2613 Alexandrum

495 2646 727 2745 episcopum·

448 2762 542 2834 Item
561 2762 632 2832 due
649 2782 763 2854 cappe
780 2761 826 2831 de
844 2760 957 2832 burde
982 2761 1165 2834 alexandri
1186 2784 1249 2854 pro
1272 2762 1453 2835 ferlalibus
1470 2764 1596 2834 diebus
1613 2765 1697 2836 date
1715 2787 1780 2858 per

493 2876 681 2946 dominum
700 2871 903 2946 Henrieum
930 2874 975 2946 de
1003 2873 1167 2968 Lychton
1186 2870 1388 2967 episcopum
1415 2913 1423 2932 ·
1451 2873 1545 2946 Item
1566 2876 1779 2949 venerabilis

494 2990 548 3057 vir
573 2981 743 3081 magister
768 2984 967 3057 Duneanus
991 2987 1037 3057 de
1058 2985 1244 3079 Lyelrtona
1259 2986 1492 3058 cancellarius
1510 2985 1777 3060 Aberdonensrs

493 3100 594 3172 dedit
611 3108 650 3170 et
667 3097 802 3192 optulit
822 3097 902 3168 Deo
920 3109 958 3169 et
976 3098 1082 3170 beate
1108 3096 1227 3169 Illarie
1254 3099 1379 3193 virgini
1398 3121 1502 3170 mam
1526 3123 1675 3193 cappam
1702 3099 1778 3172 bla-

492 3205 597 3283 ue'am
621 3210 831 3282 deauratam
857 3233 929 3302 que
947 3210 1134 3282 vocabitur
1152 3208 1339 3303 Lyehtona
1357 3213 1393 3282 in
1411 3207 1501 3283 sesto
1517 3212 1775 3305 purificationis

493 3325 599 3395 beate
617 3321 738 3394 Maria
755 3323 902 3416 virm'nis
926 3344 1021 3393 anno
1044 3319 1191 3393 Domini
1218 3319 1405 3394 millesimo
1430 3322 1777 3418 quadringentesimo

492 3429 763 3528 quadragesimo
781 3435 841 3525 qui
861 3434 1007 3525 quidem
1026 3428 1194 3528 magister
1211 3431 1407 3506 Duncanus
1425 3437 1494 3505 suit
1511 3458 1620 3528 nepoa
1647 3438 1774 3529 prefati

491 3547 626 3619 domiui
647 3545 798 3618 Henriei
818 3545 863 3616 de
882 3544 1074 3638 Lychtoun
1092 3540 1247 3639 episcopi
1265 3544 1548 3619 Abirdonenlie·

442 3660 538 3734 Item
557 3659 628 3732 duo
647 3657 862 3752 pendeeulia
879 3678 943 3750 pro
961 3658 1082 3750 rappia
1099 3679 1120 3727 a
1138 3668 1239 3750 parte
1255 3653 1334 3749 post
1351 3697 1359 3714 ·

766 3995 892 4067 Pxxxr
912 4014 983 4066 nno
1002 4011 1246 4065 onxxxnxms
1264 4013 1462 4068 recreem·

441 4223 483 4295 In
511 4222 636 4316 prImie
663 4242 754 4292 mus
770 4199 911 4314 pannu's
937 4219 982 4290 de
1001 4218 1111 4290 Arraa
1136 4217 1182 4290 de
1209 4216 1417 4314 Epyplrania
1442 4221 1487 4292 de
1513 4221 1607 4292 douo
1632 4222 1769 4296 domini

488 4331 647 4406 Gitberri
664 4329 821 4427 episcopi
840 4375 848 4391 ·

439 4447 535 4519 Item
552 4445 713 4538 quinque
742 4445 844 4537 pecie
871 4443 916 4516 de
945 4437 1059 4516 arrals
1080 4466 1143 4537 pro
1159 4441 1269 4515 choro
1293 4444 1338 4515 de
1368 4443 1578 4518 salutatione
1607 4450 1769 4544 angelica

487 4559 572 4631 dato
588 4579 653 4651 per
669 4553 873 4651 episcopum
893 4555 1144 4628 Alexandrum
1162 4595 1170 4612 ·

438 4673 534 4760 Item
553 4692 645 4743 nnus
662 4690 803 4764 pannus
820 4669 866 4742 de
882 4664 995 4741 arrals
1006 4669 1051 4740 de
1068 4664 1206 4762 septem
1223 4671 1380 4762 peccatis
1398 4668 1606 4741 mortalibus
1624 4709 1633 4726 ·
