<?xml version="1.0" encoding="UTF-8"?>
<!DOCTYPE html PUBLIC "-//W3C//DTD XHTML 1.0 Transitional//EN"
    "http://www.w3.org/TR/xhtml1/DTD/xhtml1-transitional.dtd">
<html xmlns="http://www.w3.org/1999/xhtml" xml:lang="en" lang="en">
 <head>
  <title>
</title>
<meta http-equiv="Content-Type" content="text/html;charset=utf-8" />
  <meta name='ocr-system' content='tesseract 3.04.00' />
  <meta name='ocr-capabilities' content='ocr_page ocr_carea ocr_par ocr_line ocrx_word'/>
</head>
<body>
  <div class='ocr_page' id='page_1' title='image "./registrumepisco00innegoog_0160.png"; bbox 0 0 4612 5964; ppageno 0'>
   <div class='ocr_carea' id='block_1_1' title="bbox 468 687 1820 780">
    <p class='ocr_par' dir='ltr' id='par_1_1' title="bbox 468 687 1820 780">
     <span class='ocr_line' id='line_1_1' title="bbox 468 687 1820 780; baseline 0.01 -22"><span class='ocrx_word' id='word_1_1' title='bbox 468 687 569 780; x_wconf 74' lang='lat' dir='ltr'>xva]</span> <span class='ocrx_word' id='word_1_2' title='bbox 941 692 1351 768; x_wconf 85' lang='lat' dir='ltr'><strong>ABERDONENSE.</strong></span> <span class='ocrx_word' id='word_1_3' title='bbox 1751 707 1820 771; x_wconf 78' lang='lat'>103</span> 
     </span>
    </p>
   </div>
   <div class='ocr_carea' id='block_1_2' title="bbox 454 888 1820 4634">
    <p class='ocr_par' dir='ltr' id='par_1_2' title="bbox 454 888 1820 4634">
     <span class='ocr_line' id='line_1_2' title="bbox 469 888 1820 990; baseline 0.007 -35"><span class='ocrx_word' id='word_1_4' title='bbox 469 888 588 958; x_wconf 89' lang='lat' dir='ltr'>eidem</span> <span class='ocrx_word' id='word_1_5' title='bbox 620 894 795 985; x_wconf 84' lang='lat' dir='ltr'>expedire</span> <span class='ocrx_word' id='word_1_6' title='bbox 820 919 885 990; x_wconf 90' lang='lat' dir='ltr'>pro</span> <span class='ocrx_word' id='word_1_7' title='bbox 912 905 1080 988; x_wconf 88' lang='lat' dir='ltr'>tempore</span> <span class='ocrx_word' id='word_1_8' title='bbox 1106 895 1290 966; x_wconf 87' lang='lat' dir='ltr'>videbitur</span> <span class='ocrx_word' id='word_1_9' title='bbox 1315 914 1389 962; x_wconf 94' lang='lat' dir='ltr'>non</span> <span class='ocrx_word' id='word_1_10' title='bbox 1416 893 1587 962; x_wconf 85' lang='lat' dir='ltr'><strong>continue</strong></span> <span class='ocrx_word' id='word_1_11' title='bbox 1614 888 1675 962; x_wconf 87' lang='lat' dir='ltr'>sed</span> <span class='ocrx_word' id='word_1_12' title='bbox 1707 895 1820 965; x_wconf 90' lang='lat' dir='ltr'>inter-</span> 
     </span>
     <span class='ocr_line' id='line_1_3' title="bbox 464 997 1818 1097; baseline 0.004 -28"><span class='ocrx_word' id='word_1_13' title='bbox 464 997 631 1090; x_wconf 89' lang='lat' dir='ltr'>pellatim</span> <span class='ocrx_word' id='word_1_14' title='bbox 668 1003 844 1097; x_wconf 91' lang='lat' dir='ltr'>pulsando</span> <span class='ocrx_word' id='word_1_15' title='bbox 872 1047 881 1065; x_wconf 89' lang='lat'><strong>·</strong></span> <span class='ocrx_word' id='word_1_16' title='bbox 908 1007 1106 1078; x_wconf 87' lang='lat' dir='ltr'>maioribus</span> <span class='ocrx_word' id='word_1_17' title='bbox 1137 1015 1260 1076; x_wconf 88' lang='lat' dir='ltr'>autem</span> <span class='ocrx_word' id='word_1_18' title='bbox 1291 1003 1473 1093; x_wconf 87' lang='lat' dir='ltr'>eumpunis</span> <span class='ocrx_word' id='word_1_19' title='bbox 1508 997 1655 1094; x_wconf 79' lang='lat' dir='ltr'>singulis</span> <span class='ocrx_word' id='word_1_20' title='bbox 1689 1003 1818 1076; x_wconf 84' lang='lat' dir='ltr'>&lt;liebus</span> 
     </span>
     <span class='ocr_line' id='line_1_4' title="bbox 466 1111 1818 1212; baseline 0.002 -30"><span class='ocrx_word' id='word_1_21' title='bbox 466 1133 698 1203; x_wconf 87' lang='lat' dir='ltr'>perannum</span> <span class='ocrx_word' id='word_1_22' title='bbox 729 1120 875 1212; x_wconf 90' lang='lat' dir='ltr'>quando</span> <span class='ocrx_word' id='word_1_23' title='bbox 905 1117 1071 1189; x_wconf 85' lang='lat' dir='ltr'>canonici</span> <span class='ocrx_word' id='word_1_24' title='bbox 1099 1112 1182 1184; x_wconf 91' lang='lat' dir='ltr'>sunt</span> <span class='ocrx_word' id='word_1_25' title='bbox 1210 1120 1451 1202; x_wconf 83' lang='lat' dir='ltr'>exequutores</span> <span class='ocrx_word' id='word_1_26' title='bbox 1477 1111 1563 1182; x_wconf 87' lang='lat' dir='ltr'>bora</span> <span class='ocrx_word' id='word_1_27' title='bbox 1593 1113 1704 1184; x_wconf 88' lang='lat' dir='ltr'>tertia</span> <span class='ocrx_word' id='word_1_28' title='bbox 1738 1111 1818 1206; x_wconf 88' lang='lat' dir='ltr'>post</span> 
     </span>
     <span class='ocr_line' id='line_1_5' title="bbox 465 1223 1815 1324; baseline 0.001 -32"><span class='ocrx_word' id='word_1_29' title='bbox 465 1225 655 1297; x_wconf 85' lang='lat' dir='ltr'>meridiem</span> <span class='ocrx_word' id='word_1_30' title='bbox 691 1229 738 1302; x_wconf 89' lang='lat' dir='ltr'>ed</span> <span class='ocrx_word' id='word_1_31' title='bbox 773 1227 936 1324; x_wconf 82' lang='lat' dir='ltr'>vesperas</span> <span class='ocrx_word' id='word_1_32' title='bbox 963 1226 1104 1296; x_wconf 84' lang='lat' dir='ltr'>vicibus</span> <span class='ocrx_word' id='word_1_33' title='bbox 1132 1224 1248 1295; x_wconf 90' lang='lat' dir='ltr'>tribus</span> <span class='ocrx_word' id='word_1_34' title='bbox 1276 1223 1415 1292; x_wconf 79' lang='lat' dir='ltr'><strong>iteratis</strong></span> <span class='ocrx_word' id='word_1_35' title='bbox 1450 1244 1521 1292; x_wconf 91' lang='lat' dir='ltr'>non</span> <span class='ocrx_word' id='word_1_36' title='bbox 1551 1223 1709 1314; x_wconf 85' lang='lat' dir='ltr'>ineqneli</span> <span class='ocrx_word' id='word_1_37' title='bbox 1740 1237 1815 1296; x_wconf 89' lang='lat' dir='ltr'>tarn</span> 
     </span>
     <span class='ocr_line' id='line_1_6' title="bbox 465 1329 1816 1433; baseline 0.001 -27"><span class='ocrx_word' id='word_1_38' title='bbox 465 1337 581 1426; x_wconf 86' lang='lat' dir='ltr'>primo</span> <span class='ocrx_word' id='word_1_39' title='bbox 598 1334 756 1412; x_wconf 88' lang='lat' dir='ltr'>seeundo</span> <span class='ocrx_word' id='word_1_40' title='bbox 783 1363 890 1433; x_wconf 89' lang='lat' dir='ltr'>quam</span> <span class='ocrx_word' id='word_1_41' title='bbox 918 1339 1030 1408; x_wconf 90' lang='lat' dir='ltr'>tertio</span> <span class='ocrx_word' id='word_1_42' title='bbox 1056 1329 1217 1428; x_wconf 77' lang='lat' dir='ltr'>pulsibus</span> <span class='ocrx_word' id='word_1_43' title='bbox 1241 1355 1349 1424; x_wconf 86' lang='lat' dir='ltr'>quarn</span> <span class='ocrx_word' id='word_1_44' title='bbox 1377 1335 1473 1425; x_wconf 88' lang='lat' dir='ltr'>prius</span> <span class='ocrx_word' id='word_1_45' title='bbox 1490 1334 1533 1404; x_wconf 87' lang='lat' dir='ltr'>ad</span> <span class='ocrx_word' id='word_1_46' title='bbox 1552 1337 1751 1406; x_wconf 83' lang='lat' dir='ltr'>uratntinas</span> <span class='ocrx_word' id='word_1_47' title='bbox 1777 1351 1816 1407; x_wconf 93' lang='lat' dir='ltr'>et</span> 
     </span>
     <span class='ocr_line' id='line_1_7' title="bbox 465 1443 1814 1541; baseline 0.001 -26"><span class='ocrx_word' id='word_1_48' title='bbox 465 1443 603 1520; x_wconf 81' lang='lat' dir='ltr'>missam</span> <span class='ocrx_word' id='word_1_49' title='bbox 614 1490 624 1507; x_wconf 94' lang='lat'><strong>·</strong></span> <span class='ocrx_word' id='word_1_50' title='bbox 637 1454 789 1522; x_wconf 89' lang='lat' dir='ltr'>tertium</span> <span class='ocrx_word' id='word_1_51' title='bbox 803 1452 892 1523; x_wconf 89' lang='lat' dir='ltr'>hora</span> <span class='ocrx_word' id='word_1_52' title='bbox 906 1456 1036 1541; x_wconf 87' lang='lat' dir='ltr'>quarte</span> <span class='ocrx_word' id='word_1_53' title='bbox 1051 1445 1279 1515; x_wconf 83' lang='lat' dir='ltr'>terminando</span> <span class='ocrx_word' id='word_1_54' title='bbox 1293 1481 1301 1498; x_wconf 93' lang='lat'><strong>·</strong></span> <span class='ocrx_word' id='word_1_55' title='bbox 1316 1444 1484 1537; x_wconf 80' lang='lat' dir='ltr'>deinceps</span> <span class='ocrx_word' id='word_1_56' title='bbox 1497 1445 1582 1516; x_wconf 89' lang='lat' dir='ltr'>bore</span> <span class='ocrx_word' id='word_1_57' title='bbox 1592 1447 1720 1517; x_wconf 70' lang='lat' dir='ltr'>ottone</span> <span class='ocrx_word' id='word_1_58' title='bbox 1731 1470 1814 1518; x_wconf 88' lang='lat' dir='ltr'>enm</span> 
     </span>
     <span class='ocr_line' id='line_1_8' title="bbox 463 1555 1815 1657; baseline 0 -28"><span class='ocrx_word' id='word_1_59' title='bbox 463 1560 562 1631; x_wconf 77' lang='lat' dir='ltr'>tet&#39;nn</span> <span class='ocrx_word' id='word_1_60' title='bbox 580 1559 742 1634; x_wconf 90' lang='lat' dir='ltr'>eiusdem</span> <span class='ocrx_word' id='word_1_61' title='bbox 768 1560 910 1657; x_wconf 90' lang='lat' dir='ltr'>pulsnm</span> <span class='ocrx_word' id='word_1_62' title='bbox 936 1558 1048 1628; x_wconf 86' lang='lat' dir='ltr'>faciet</span> <span class='ocrx_word' id='word_1_63' title='bbox 1065 1555 1195 1626; x_wconf 90' lang='lat' dir='ltr'>humili</span> <span class='ocrx_word' id='word_1_64' title='bbox 1222 1577 1396 1647; x_wconf 86' lang='lat' dir='ltr'>campana</span> <span class='ocrx_word' id='word_1_65' title='bbox 1413 1557 1456 1626; x_wconf 89' lang='lat' dir='ltr'>ad</span> <span class='ocrx_word' id='word_1_66' title='bbox 1476 1557 1578 1628; x_wconf 76' lang='lat' dir='ltr'>nnius</span> <span class='ocrx_word' id='word_1_67' title='bbox 1596 1557 1683 1628; x_wconf 91' lang='lat' dir='ltr'>hore</span> <span class='ocrx_word' id='word_1_68' title='bbox 1708 1581 1815 1650; x_wconf 90' lang='lat' dir='ltr'>quar-</span> 
     </span>
     <span class='ocr_line' id='line_1_9' title="bbox 463 1666 1815 1772; baseline -0.001 -31"><span class='ocrx_word' id='word_1_69' title='bbox 463 1685 538 1742; x_wconf 89' lang='lat' dir='ltr'>tam</span> <span class='ocrx_word' id='word_1_70' title='bbox 557 1682 700 1766; x_wconf 88' lang='lat' dir='ltr'>partem</span> <span class='ocrx_word' id='word_1_71' title='bbox 718 1669 945 1767; x_wconf 90' lang='lat' dir='ltr'>perdurando</span> <span class='ocrx_word' id='word_1_72' title='bbox 971 1689 1036 1759; x_wconf 89' lang='lat' dir='ltr'>pro</span> <span class='ocrx_word' id='word_1_73' title='bbox 1054 1667 1244 1738; x_wconf 86' lang='lat' dir='ltr'>animabus</span> <span class='ocrx_word' id='word_1_74' title='bbox 1262 1667 1422 1736; x_wconf 91' lang='lat' dir='ltr'>omnium</span> <span class='ocrx_word' id='word_1_75' title='bbox 1449 1666 1608 1772; x_wconf 81' lang='lat' dir='ltr'>fidelium</span> <span class='ocrx_word' id='word_1_76' title='bbox 1627 1669 1815 1744; x_wconf 72' lang='lat' dir='ltr'>defentio-</span> 
     </span>
     <span class='ocr_line' id='line_1_10' title="bbox 462 1775 1812 1871; baseline 0.001 -20"><span class='ocrx_word' id='word_1_77' title='bbox 462 1804 543 1852; x_wconf 91' lang='lat' dir='ltr'>rnm</span> <span class='ocrx_word' id='word_1_78' title='bbox 567 1823 576 1840; x_wconf 87' lang='lat'><strong>·</strong></span> <span class='ocrx_word' id='word_1_79' title='bbox 597 1783 711 1855; x_wconf 91' lang='lat' dir='ltr'>Hune</span> <span class='ocrx_word' id='word_1_80' title='bbox 735 1783 882 1854; x_wconf 91' lang='lat' dir='ltr'>modum</span> <span class='ocrx_word' id='word_1_81' title='bbox 915 1781 951 1848; x_wconf 92' lang='lat' dir='ltr'>in</span> <span class='ocrx_word' id='word_1_82' title='bbox 978 1775 1185 1871; x_wconf 80' lang='lat' dir='ltr'>pulsatione</span> <span class='ocrx_word' id='word_1_83' title='bbox 1211 1800 1464 1871; x_wconf 82' lang='lat' dir='ltr'>campanarum</span> <span class='ocrx_word' id='word_1_84' title='bbox 1493 1801 1555 1871; x_wconf 89' lang='lat' dir='ltr'>per</span> <span class='ocrx_word' id='word_1_85' title='bbox 1580 1789 1699 1850; x_wconf 88' lang='lat' dir='ltr'>toturn</span> <span class='ocrx_word' id='word_1_86' title='bbox 1725 1785 1812 1852; x_wconf 89' lang='lat' dir='ltr'>anni</span> 
     </span>
     <span class='ocr_line' id='line_1_11' title="bbox 462 1886 1813 1989; baseline 0.001 -26"><span class='ocrx_word' id='word_1_87' title='bbox 462 1892 640 1964; x_wconf 88' lang='lat' dir='ltr'>circulum</span> <span class='ocrx_word' id='word_1_88' title='bbox 670 1891 891 1989; x_wconf 89' lang='lat' dir='ltr'>generaliter</span> <span class='ocrx_word' id='word_1_89' title='bbox 920 1886 1128 1960; x_wconf 91' lang='lat' dir='ltr'>obseruebit</span> <span class='ocrx_word' id='word_1_90' title='bbox 1158 1900 1233 1960; x_wconf 88' lang='lat' dir='ltr'>tarn</span> <span class='ocrx_word' id='word_1_91' title='bbox 1265 1890 1302 1960; x_wconf 94' lang='lat' dir='ltr'>in</span> <span class='ocrx_word' id='word_1_92' title='bbox 1331 1889 1460 1982; x_wconf 85' lang='lat' dir='ltr'>hyeme</span> <span class='ocrx_word' id='word_1_93' title='bbox 1490 1912 1596 1982; x_wconf 82' lang='lat' dir='ltr'>qnam</span> <span class='ocrx_word' id='word_1_94' title='bbox 1627 1892 1663 1962; x_wconf 92' lang='lat' dir='ltr'>in</span> <span class='ocrx_word' id='word_1_95' title='bbox 1696 1889 1813 1964; x_wconf 82' lang='lat' dir='ltr'>estate</span> 
     </span>
     <span class='ocr_line' id='line_1_12' title="bbox 463 1995 1813 2098; baseline 0.001 -25"><span class='ocrx_word' id='word_1_96' title='bbox 463 2005 629 2076; x_wconf 87' lang='lat' dir='ltr'>seeiendo</span> <span class='ocrx_word' id='word_1_97' title='bbox 652 2003 795 2098; x_wconf 87' lang='lat' dir='ltr'>semper</span> <span class='ocrx_word' id='word_1_98' title='bbox 820 1999 1063 2073; x_wconf 80' lang='lat' dir='ltr'>differentiam</span> <span class='ocrx_word' id='word_1_99' title='bbox 1090 2002 1190 2072; x_wconf 88' lang='lat' dir='ltr'>inter</span> <span class='ocrx_word' id='word_1_100' title='bbox 1217 1995 1307 2072; x_wconf 83' lang='lat' dir='ltr'>fello</span> <span class='ocrx_word' id='word_1_101' title='bbox 1334 2004 1467 2072; x_wconf 90' lang='lat' dir='ltr'>maiora</span> <span class='ocrx_word' id='word_1_102' title='bbox 1488 2003 1626 2074; x_wconf 87' lang='lat' dir='ltr'>nrinora</span> <span class='ocrx_word' id='word_1_103' title='bbox 1650 2017 1689 2074; x_wconf 90' lang='lat' dir='ltr'>et</span> <span class='ocrx_word' id='word_1_104' title='bbox 1715 2007 1813 2097; x_wconf 91' lang='lat' dir='ltr'>prin·</span> 
     </span>
     <span class='ocr_line' id='line_1_13' title="bbox 462 2111 1814 2214; baseline 0.001 -28"><span class='ocrx_word' id='word_1_105' title='bbox 462 2115 593 2208; x_wconf 86' lang='lat' dir='ltr'>cipelie</span> <span class='ocrx_word' id='word_1_106' title='bbox 614 2137 685 2214; x_wconf 86' lang='lat' dir='ltr'>nee</span> <span class='ocrx_word' id='word_1_107' title='bbox 716 2137 789 2185; x_wconf 91' lang='lat' dir='ltr'>non</span> <span class='ocrx_word' id='word_1_108' title='bbox 817 2125 857 2185; x_wconf 91' lang='lat' dir='ltr'>et</span> <span class='ocrx_word' id='word_1_109' title='bbox 885 2113 962 2183; x_wconf 86' lang='lat' dir='ltr'>dies</span> <span class='ocrx_word' id='word_1_110' title='bbox 992 2112 1141 2183; x_wconf 82' lang='lat' dir='ltr'>feriatos</span> <span class='ocrx_word' id='word_1_111' title='bbox 1175 2152 1184 2170; x_wconf 93' lang='lat'><strong>·</strong></span> <span class='ocrx_word' id='word_1_112' title='bbox 1214 2111 1285 2184; x_wconf 90' lang='lat' dir='ltr'>Pro</span> <span class='ocrx_word' id='word_1_113' title='bbox 1310 2115 1425 2208; x_wconf 86' lang='lat' dir='ltr'>prima</span> <span class='ocrx_word' id='word_1_114' title='bbox 1451 2136 1534 2184; x_wconf 81' lang='lat' dir='ltr'>roro</span> <span class='ocrx_word' id='word_1_115' title='bbox 1564 2112 1664 2186; x_wconf 76' lang='lat' dir='ltr'>missa</span> <span class='ocrx_word' id='word_1_116' title='bbox 1692 2121 1814 2207; x_wconf 89' lang='lat' dir='ltr'>quoti·</span> 
     </span>
     <span class='ocr_line' id='line_1_14' title="bbox 460 2221 1812 2320; baseline 0.001 -24"><span class='ocrx_word' id='word_1_117' title='bbox 460 2228 520 2296; x_wconf 88' lang='lat' dir='ltr'>die</span> <span class='ocrx_word' id='word_1_118' title='bbox 538 2228 666 2298; x_wconf 87' lang='lat' dir='ltr'>nouies</span> <span class='ocrx_word' id='word_1_119' title='bbox 692 2249 758 2320; x_wconf 86' lang='lat' dir='ltr'>per</span> <span class='ocrx_word' id='word_1_120' title='bbox 783 2227 918 2296; x_wconf 70' lang='lat' dir='ltr'>tastum</span> <span class='ocrx_word' id='word_1_121' title='bbox 937 2224 1083 2294; x_wconf 88' lang='lat' dir='ltr'>maioris</span> <span class='ocrx_word' id='word_1_122' title='bbox 1109 2245 1284 2316; x_wconf 88' lang='lat' dir='ltr'>campane</span> <span class='ocrx_word' id='word_1_123' title='bbox 1311 2225 1492 2296; x_wconf 81' lang='lat' dir='ltr'>intonabit</span> <span class='ocrx_word' id='word_1_124' title='bbox 1519 2239 1605 2296; x_wconf 87' lang='lat' dir='ltr'>onte</span> <span class='ocrx_word' id='word_1_125' title='bbox 1631 2221 1731 2298; x_wconf 83' lang='lat' dir='ltr'>misse</span> <span class='ocrx_word' id='word_1_126' title='bbox 1758 2230 1812 2299; x_wconf 91' lang='lat' dir='ltr'>in-</span> 
     </span>
     <span class='ocr_line' id='line_1_15' title="bbox 461 2333 1809 2432; baseline 0 -24"><span class='ocrx_word' id='word_1_127' title='bbox 461 2337 691 2408; x_wconf 83' lang='lat' dir='ltr'>choationem</span> <span class='ocrx_word' id='word_1_128' title='bbox 720 2361 786 2432; x_wconf 89' lang='lat' dir='ltr'>per</span> <span class='ocrx_word' id='word_1_129' title='bbox 802 2348 967 2430; x_wconf 80' lang='lat' dir='ltr'>quartam</span> <span class='ocrx_word' id='word_1_130' title='bbox 994 2346 1135 2428; x_wconf 90' lang='lat' dir='ltr'>partem</span> <span class='ocrx_word' id='word_1_131' title='bbox 1162 2334 1250 2405; x_wconf 87' lang='lat' dir='ltr'>hore</span> <span class='ocrx_word' id='word_1_132' title='bbox 1268 2368 1277 2387; x_wconf 91' lang='lat'><strong>·</strong></span> <span class='ocrx_word' id='word_1_133' title='bbox 1297 2333 1390 2405; x_wconf 90' lang='lat' dir='ltr'>Item</span> <span class='ocrx_word' id='word_1_134' title='bbox 1417 2335 1631 2428; x_wconf 83' lang='lat' dir='ltr'>gubernabit</span> <span class='ocrx_word' id='word_1_135' title='bbox 1650 2349 1687 2407; x_wconf 89' lang='lat' dir='ltr'>et</span> <span class='ocrx_word' id='word_1_136' title='bbox 1706 2353 1809 2432; x_wconf 86' lang='lat' dir='ltr'>reget</span> 
     </span>
     <span class='ocr_line' id='line_1_16' title="bbox 460 2441 1811 2544; baseline 0.001 -26"><span class='ocrx_word' id='word_1_137' title='bbox 460 2447 685 2544; x_wconf 83' lang='lat' dir='ltr'>horologium</span> <span class='ocrx_word' id='word_1_138' title='bbox 705 2459 745 2522; x_wconf 89' lang='lat' dir='ltr'>et</span> <span class='ocrx_word' id='word_1_139' title='bbox 761 2450 857 2521; x_wconf 87' lang='lat' dir='ltr'>idern</span> <span class='ocrx_word' id='word_1_140' title='bbox 885 2445 1082 2518; x_wconf 88' lang='lat' dir='ltr'>seeundum</span> <span class='ocrx_word' id='word_1_141' title='bbox 1108 2441 1250 2516; x_wconf 86' lang='lat' dir='ltr'>cursum</span> <span class='ocrx_word' id='word_1_142' title='bbox 1276 2455 1350 2516; x_wconf 88' lang='lat' dir='ltr'>tam</span> <span class='ocrx_word' id='word_1_143' title='bbox 1371 2447 1415 2516; x_wconf 88' lang='lat' dir='ltr'>de</span> <span class='ocrx_word' id='word_1_144' title='bbox 1433 2447 1490 2516; x_wconf 90' lang='lat' dir='ltr'>die</span> <span class='ocrx_word' id='word_1_145' title='bbox 1507 2469 1615 2537; x_wconf 88' lang='lat' dir='ltr'>qnam</span> <span class='ocrx_word' id='word_1_146' title='bbox 1641 2448 1687 2517; x_wconf 92' lang='lat' dir='ltr'>de</span> <span class='ocrx_word' id='word_1_147' title='bbox 1705 2453 1811 2520; x_wconf 76' lang='lat' dir='ltr'>netto</span> 
     </span>
     <span class='ocr_line' id='line_1_17' title="bbox 461 2552 1811 2654; baseline -0.001 -23"><span class='ocrx_word' id='word_1_148' title='bbox 461 2572 665 2654; x_wconf 85' lang='lat' dir='ltr'>temperate</span> <span class='ocrx_word' id='word_1_149' title='bbox 690 2571 730 2632; x_wconf 89' lang='lat' dir='ltr'>et</span> <span class='ocrx_word' id='word_1_150' title='bbox 751 2557 905 2632; x_wconf 86' lang='lat' dir='ltr'>discrete</span> <span class='ocrx_word' id='word_1_151' title='bbox 930 2553 1112 2626; x_wconf 89' lang='lat' dir='ltr'>custodire</span> <span class='ocrx_word' id='word_1_152' title='bbox 1139 2555 1250 2626; x_wconf 89' lang='lat' dir='ltr'>debet</span> <span class='ocrx_word' id='word_1_153' title='bbox 1267 2593 1276 2611; x_wconf 93' lang='lat'><strong>·</strong></span> <span class='ocrx_word' id='word_1_154' title='bbox 1296 2553 1390 2625; x_wconf 91' lang='lat' dir='ltr'>Item</span> <span class='ocrx_word' id='word_1_155' title='bbox 1416 2552 1557 2628; x_wconf 88' lang='lat' dir='ltr'>seruare</span> <span class='ocrx_word' id='word_1_156' title='bbox 1573 2570 1612 2627; x_wconf 91' lang='lat' dir='ltr'>et</span> <span class='ocrx_word' id='word_1_157' title='bbox 1629 2555 1811 2630; x_wconf 89' lang='lat' dir='ltr'>custodire</span> 
     </span>
     <span class='ocr_line' id='line_1_18' title="bbox 460 2665 1811 2756; baseline -0.001 -15"><span class='ocrx_word' id='word_1_158' title='bbox 460 2673 570 2743; x_wconf 88' lang='lat' dir='ltr'>debet</span> <span class='ocrx_word' id='word_1_159' title='bbox 588 2667 777 2742; x_wconf 83' lang='lat' dir='ltr'>ecelesiam</span> <span class='ocrx_word' id='word_1_160' title='bbox 806 2665 1050 2741; x_wconf 85' lang='lat' dir='ltr'>cathedralem</span> <span class='ocrx_word' id='word_1_161' title='bbox 1071 2679 1147 2736; x_wconf 88' lang='lat' dir='ltr'>tarn</span> <span class='ocrx_word' id='word_1_162' title='bbox 1167 2665 1212 2736; x_wconf 91' lang='lat' dir='ltr'>de</span> <span class='ocrx_word' id='word_1_163' title='bbox 1230 2665 1289 2736; x_wconf 90' lang='lat' dir='ltr'>die</span> <span class='ocrx_word' id='word_1_164' title='bbox 1306 2687 1412 2756; x_wconf 85' lang='lat' dir='ltr'>quarn</span> <span class='ocrx_word' id='word_1_165' title='bbox 1442 2667 1487 2736; x_wconf 89' lang='lat' dir='ltr'>dc</span> <span class='ocrx_word' id='word_1_166' title='bbox 1508 2669 1612 2736; x_wconf 74' lang='lat' dir='ltr'>nono</span> <span class='ocrx_word' id='word_1_167' title='bbox 1631 2677 1668 2738; x_wconf 89' lang='lat' dir='ltr'>et</span> <span class='ocrx_word' id='word_1_168' title='bbox 1687 2673 1811 2740; x_wconf 87' lang='lat' dir='ltr'>omnin</span> 
     </span>
     <span class='ocr_line' id='line_1_19' title="bbox 460 2771 1811 2873; baseline 0.001 -25"><span class='ocrx_word' id='word_1_169' title='bbox 460 2779 678 2853; x_wconf 76' lang='lat' dir='ltr'>vestimenta</span> <span class='ocrx_word' id='word_1_170' title='bbox 702 2781 871 2854; x_wconf 87' lang='lat' dir='ltr'>altarinnr</span> <span class='ocrx_word' id='word_1_171' title='bbox 896 2775 1057 2849; x_wconf 89' lang='lat' dir='ltr'>eiusdem</span> <span class='ocrx_word' id='word_1_172' title='bbox 1075 2789 1114 2847; x_wconf 91' lang='lat' dir='ltr'>et</span> <span class='ocrx_word' id='word_1_173' title='bbox 1138 2771 1321 2870; x_wconf 77' lang='lat' dir='ltr'>signanter</span> <span class='ocrx_word' id='word_1_174' title='bbox 1346 2774 1472 2847; x_wconf 88' lang='lat' dir='ltr'>summi</span> <span class='ocrx_word' id='word_1_175' title='bbox 1498 2777 1622 2848; x_wconf 89' lang='lat' dir='ltr'>altaris</span> <span class='ocrx_word' id='word_1_176' title='bbox 1648 2791 1687 2850; x_wconf 92' lang='lat' dir='ltr'>et</span> <span class='ocrx_word' id='word_1_177' title='bbox 1712 2785 1811 2873; x_wconf 87' lang='lat' dir='ltr'>cupi·</span> 
     </span>
     <span class='ocr_line' id='line_1_20' title="bbox 459 2886 1810 2964; baseline 0 -2"><span class='ocrx_word' id='word_1_178' title='bbox 459 2893 526 2962; x_wconf 90' lang='lat' dir='ltr'>tuli</span> <span class='ocrx_word' id='word_1_179' title='bbox 546 2891 657 2964; x_wconf 84' lang='lat' dir='ltr'>librae</span> <span class='ocrx_word' id='word_1_180' title='bbox 677 2892 775 2963; x_wconf 91' lang='lat' dir='ltr'>ebori</span> <span class='ocrx_word' id='word_1_181' title='bbox 794 2916 835 2962; x_wconf 89' lang='lat' dir='ltr'>ac</span> <span class='ocrx_word' id='word_1_182' title='bbox 854 2890 974 2959; x_wconf 82' lang='lat' dir='ltr'>onrrria</span> <span class='ocrx_word' id='word_1_183' title='bbox 993 2887 1064 2958; x_wconf 87' lang='lat' dir='ltr'>ulia</span> <span class='ocrx_word' id='word_1_184' title='bbox 1083 2887 1177 2958; x_wconf 89' lang='lat' dir='ltr'>bona</span> <span class='ocrx_word' id='word_1_185' title='bbox 1193 2897 1233 2958; x_wconf 89' lang='lat' dir='ltr'>et</span> <span class='ocrx_word' id='word_1_186' title='bbox 1250 2911 1305 2959; x_wconf 90' lang='lat' dir='ltr'>res</span> <span class='ocrx_word' id='word_1_187' title='bbox 1322 2888 1359 2958; x_wconf 94' lang='lat' dir='ltr'>in</span> <span class='ocrx_word' id='word_1_188' title='bbox 1379 2886 1473 2960; x_wconf 73' lang='lat' dir='ltr'>diota</span> <span class='ocrx_word' id='word_1_189' title='bbox 1487 2887 1635 2961; x_wconf 78' lang='lat' dir='ltr'>ccclesia</span> <span class='ocrx_word' id='word_1_190' title='bbox 1652 2888 1810 2964; x_wconf 85' lang='lat' dir='ltr'>existen·</span> 
     </span>
     <span class='ocr_line' id='line_1_21' title="bbox 458 2997 1808 3099; baseline 0 -24"><span class='ocrx_word' id='word_1_191' title='bbox 458 3007 509 3076; x_wconf 90' lang='lat' dir='ltr'>tia</span> <span class='ocrx_word' id='word_1_192' title='bbox 528 3014 567 3074; x_wconf 80' lang='lat' dir='ltr'>st</span> <span class='ocrx_word' id='word_1_193' title='bbox 591 3004 725 3075; x_wconf 88' lang='lat' dir='ltr'>decet·</span> <span class='ocrx_word' id='word_1_194' title='bbox 744 2999 945 3092; x_wconf 78' lang='lat' dir='ltr'>diuinisque</span> <span class='ocrx_word' id='word_1_195' title='bbox 971 2999 1129 3092; x_wconf 87' lang='lat' dir='ltr'>expletis</span> <span class='ocrx_word' id='word_1_196' title='bbox 1157 2997 1372 3099; x_wconf 85' lang='lat' dir='ltr'>vestimenta</span> <span class='ocrx_word' id='word_1_197' title='bbox 1397 3001 1568 3072; x_wconf 89' lang='lat' dir='ltr'>decenter</span> <span class='ocrx_word' id='word_1_198' title='bbox 1594 3001 1744 3094; x_wconf 86' lang='lat' dir='ltr'>plicabit</span> <span class='ocrx_word' id='word_1_199' title='bbox 1769 3018 1808 3075; x_wconf 89' lang='lat' dir='ltr'>et</span> 
     </span>
     <span class='ocr_line' id='line_1_22' title="bbox 458 3107 1810 3203; baseline 0.001 -18"><span class='ocrx_word' id='word_1_200' title='bbox 458 3119 492 3186; x_wconf 93' lang='lat' dir='ltr'>in</span> <span class='ocrx_word' id='word_1_201' title='bbox 515 3115 601 3186; x_wconf 89' lang='lat' dir='ltr'>loeis</span> <span class='ocrx_word' id='word_1_202' title='bbox 619 3117 664 3186; x_wconf 88' lang='lat' dir='ltr'>ad</span> <span class='ocrx_word' id='word_1_203' title='bbox 684 3116 752 3186; x_wconf 90' lang='lat' dir='ltr'>boe</span> <span class='ocrx_word' id='word_1_204' title='bbox 770 3111 944 3185; x_wconf 89' lang='lat' dir='ltr'>ordinatis</span> <span class='ocrx_word' id='word_1_205' title='bbox 957 3112 1122 3203; x_wconf 90' lang='lat' dir='ltr'>imponat</span> <span class='ocrx_word' id='word_1_206' title='bbox 1140 3149 1149 3167; x_wconf 92' lang='lat'><strong>·</strong></span> <span class='ocrx_word' id='word_1_207' title='bbox 1169 3109 1265 3180; x_wconf 87' lang='lat' dir='ltr'>Item</span> <span class='ocrx_word' id='word_1_208' title='bbox 1280 3107 1464 3182; x_wconf 78' lang='lat' dir='ltr'>eeclesiam</span> <span class='ocrx_word' id='word_1_209' title='bbox 1483 3124 1520 3183; x_wconf 90' lang='lat' dir='ltr'>et</span> <span class='ocrx_word' id='word_1_210' title='bbox 1538 3113 1686 3184; x_wconf 88' lang='lat' dir='ltr'>chorum</span> <span class='ocrx_word' id='word_1_211' title='bbox 1703 3137 1810 3186; x_wconf 89' lang='lat' dir='ltr'>mun·</span> 
     </span>
     <span class='ocr_line' id='line_1_23' title="bbox 458 3220 1808 3319; baseline 0.001 -23"><span class='ocrx_word' id='word_1_212' title='bbox 458 3230 559 3300; x_wconf 85' lang='lat' dir='ltr'>dabit</span> <span class='ocrx_word' id='word_1_213' title='bbox 577 3247 661 3298; x_wconf 91' lang='lat' dir='ltr'>eum</span> <span class='ocrx_word' id='word_1_214' title='bbox 680 3224 868 3319; x_wconf 75' lang='lat' dir='ltr'>capitulari</span> <span class='ocrx_word' id='word_1_215' title='bbox 896 3223 1004 3292; x_wconf 91' lang='lat' dir='ltr'>domo</span> <span class='ocrx_word' id='word_1_216' title='bbox 1021 3221 1185 3313; x_wconf 87' lang='lat' dir='ltr'>qualibet</span> <span class='ocrx_word' id='word_1_217' title='bbox 1202 3221 1261 3292; x_wconf 91' lang='lat' dir='ltr'>die</span> <span class='ocrx_word' id='word_1_218' title='bbox 1283 3220 1419 3292; x_wconf 84' lang='lat' dir='ltr'>sabbati</span> <span class='ocrx_word' id='word_1_219' title='bbox 1437 3223 1482 3294; x_wconf 88' lang='lat' dir='ltr'>ab</span> <span class='ocrx_word' id='word_1_220' title='bbox 1499 3226 1596 3294; x_wconf 88' lang='lat' dir='ltr'>ornni</span> <span class='ocrx_word' id='word_1_221' title='bbox 1614 3227 1808 3317; x_wconf 87' lang='lat' dir='ltr'>putredine</span> 
     </span>
     <span class='ocr_line' id='line_1_24' title="bbox 457 3333 1807 3434; baseline -0.001 -24"><span class='ocrx_word' id='word_1_222' title='bbox 457 3340 671 3434; x_wconf 87' lang='lat' dir='ltr'>pulueribus</span> <span class='ocrx_word' id='word_1_223' title='bbox 691 3338 832 3409; x_wconf 80' lang='lat' dir='ltr'>fecibus</span> <span class='ocrx_word' id='word_1_224' title='bbox 848 3347 887 3406; x_wconf 91' lang='lat' dir='ltr'>et</span> <span class='ocrx_word' id='word_1_225' title='bbox 902 3334 1103 3404; x_wconf 90' lang='lat' dir='ltr'>immundis</span> <span class='ocrx_word' id='word_1_226' title='bbox 1130 3333 1288 3424; x_wconf 72' lang='lat' dir='ltr'>indique</span> <span class='ocrx_word' id='word_1_227' title='bbox 1306 3355 1370 3426; x_wconf 87' lang='lat' dir='ltr'>per</span> <span class='ocrx_word' id='word_1_228' title='bbox 1387 3335 1544 3404; x_wconf 89' lang='lat' dir='ltr'>medinm</span> <span class='ocrx_word' id='word_1_229' title='bbox 1571 3336 1750 3407; x_wconf 84' lang='lat' dir='ltr'>cancellos</span> <span class='ocrx_word' id='word_1_230' title='bbox 1768 3353 1807 3408; x_wconf 85' lang='lat' dir='ltr'>ct</span> 
     </span>
     <span class='ocr_line' id='line_1_25' title="bbox 455 3440 1808 3542; baseline -0.004 -20"><span class='ocrx_word' id='word_1_231' title='bbox 455 3451 584 3522; x_wconf 87' lang='lat' dir='ltr'>altaria</span> <span class='ocrx_word' id='word_1_232' title='bbox 609 3453 663 3522; x_wconf 93' lang='lat' dir='ltr'>ita</span> <span class='ocrx_word' id='word_1_233' title='bbox 679 3449 775 3542; x_wconf 91' lang='lat' dir='ltr'>qnod</span> <span class='ocrx_word' id='word_1_234' title='bbox 803 3446 925 3518; x_wconf 90' lang='lat' dir='ltr'>onmia</span> <span class='ocrx_word' id='word_1_235' title='bbox 941 3445 979 3515; x_wconf 94' lang='lat' dir='ltr'>in</span> <span class='ocrx_word' id='word_1_236' title='bbox 997 3440 1148 3515; x_wconf 79' lang='lat' dir='ltr'>eoeleste</span> <span class='ocrx_word' id='word_1_237' title='bbox 1167 3443 1236 3514; x_wconf 89' lang='lat' dir='ltr'>Dei</span> <span class='ocrx_word' id='word_1_238' title='bbox 1255 3445 1390 3515; x_wconf 86' lang='lat' dir='ltr'>mundo</span> <span class='ocrx_word' id='word_1_239' title='bbox 1409 3441 1477 3514; x_wconf 85' lang='lat' dir='ltr'>sint</span> <span class='ocrx_word' id='word_1_240' title='bbox 1495 3458 1532 3516; x_wconf 82' lang='lat' dir='ltr'>et</span> <span class='ocrx_word' id='word_1_241' title='bbox 1550 3447 1667 3518; x_wconf 86' lang='lat' dir='ltr'>nitida</span> <span class='ocrx_word' id='word_1_242' title='bbox 1689 3485 1698 3503; x_wconf 90' lang='lat'><strong>·</strong></span> <span class='ocrx_word' id='word_1_243' title='bbox 1724 3471 1808 3539; x_wconf 89' lang='lat' dir='ltr'>pnr-</span> 
     </span>
     <span class='ocr_line' id='line_1_26' title="bbox 455 3552 1806 3655; baseline -0.004 -22"><span class='ocrx_word' id='word_1_244' title='bbox 455 3563 630 3655; x_wconf 84' lang='lat' dir='ltr'>gabitque</span> <span class='ocrx_word' id='word_1_245' title='bbox 659 3557 834 3632; x_wconf 86' lang='lat' dir='ltr'>fenestras</span> <span class='ocrx_word' id='word_1_246' title='bbox 851 3557 944 3628; x_wconf 80' lang='lat' dir='ltr'>‹litto</span> <span class='ocrx_word' id='word_1_247' title='bbox 962 3552 1114 3627; x_wconf 88' lang='lat' dir='ltr'>ecclesie</span> <span class='ocrx_word' id='word_1_248' title='bbox 1138 3553 1367 3646; x_wconf 77' lang='lat' dir='ltr'>undiquaque</span> <span class='ocrx_word' id='word_1_249' title='bbox 1393 3555 1438 3624; x_wconf 90' lang='lat' dir='ltr'>ab</span> <span class='ocrx_word' id='word_1_250' title='bbox 1463 3559 1559 3626; x_wconf 89' lang='lat' dir='ltr'>onmi</span> <span class='ocrx_word' id='word_1_251' title='bbox 1577 3557 1719 3627; x_wconf 82' lang='lat' dir='ltr'>rtraculn</span> <span class='ocrx_word' id='word_1_252' title='bbox 1739 3582 1806 3628; x_wconf 81' lang='lat' dir='ltr'>noc</span> 
     </span>
     <span class='ocr_line' id='line_1_27' title="bbox 456 3665 1805 3767; baseline -0.005 -23"><span class='ocrx_word' id='word_1_253' title='bbox 456 3697 528 3744; x_wconf 93' lang='lat' dir='ltr'>non</span> <span class='ocrx_word' id='word_1_254' title='bbox 556 3675 714 3767; x_wconf 86' lang='lat' dir='ltr'>parietes</span> <span class='ocrx_word' id='word_1_255' title='bbox 743 3695 767 3742; x_wconf 84' lang='lat' dir='ltr'>a</span> <span class='ocrx_word' id='word_1_256' title='bbox 798 3667 1007 3765; x_wconf 87' lang='lat' dir='ltr'>pulueribus</span> <span class='ocrx_word' id='word_1_257' title='bbox 1037 3677 1076 3738; x_wconf 90' lang='lat' dir='ltr'>et</span> <span class='ocrx_word' id='word_1_258' title='bbox 1105 3688 1295 3738; x_wconf 85' lang='lat' dir='ltr'>arenarum</span> <span class='ocrx_word' id='word_1_259' title='bbox 1323 3665 1406 3736; x_wconf 84' lang='lat' dir='ltr'>telis</span> <span class='ocrx_word' id='word_1_260' title='bbox 1436 3667 1580 3759; x_wconf 90' lang='lat' dir='ltr'>aliisqnc</span> <span class='ocrx_word' id='word_1_261' title='bbox 1607 3669 1805 3740; x_wconf 76' lang='lat' dir='ltr'>inbonellis</span> 
     </span>
     <span class='ocr_line' id='line_1_28' title="bbox 455 3773 1804 3877; baseline -0.002 -22"><span class='ocrx_word' id='word_1_262' title='bbox 455 3781 730 3877; x_wconf 86' lang='lat' dir='ltr'>quibuscunque</span> <span class='ocrx_word' id='word_1_263' title='bbox 755 3783 966 3875; x_wconf 79' lang='lat' dir='ltr'>quinymmo</span> <span class='ocrx_word' id='word_1_264' title='bbox 993 3789 1033 3848; x_wconf 88' lang='lat' dir='ltr'>et</span> <span class='ocrx_word' id='word_1_265' title='bbox 1057 3777 1245 3872; x_wconf 80' lang='lat' dir='ltr'>ymagines</span> <span class='ocrx_word' id='word_1_266' title='bbox 1270 3788 1309 3847; x_wconf 89' lang='lat' dir='ltr'>ct</span> <span class='ocrx_word' id='word_1_267' title='bbox 1332 3773 1457 3848; x_wconf 94' lang='lat' dir='ltr'>solium</span> <span class='ocrx_word' id='word_1_268' title='bbox 1484 3777 1602 3848; x_wconf 76' lang='lat' dir='ltr'>lbntte</span> <span class='ocrx_word' id='word_1_269' title='bbox 1622 3782 1739 3852; x_wconf 86' lang='lat' dir='ltr'>erneis</span> <span class='ocrx_word' id='word_1_270' title='bbox 1765 3797 1804 3852; x_wconf 83' lang='lat' dir='ltr'>ct</span> 
     </span>
     <span class='ocr_line' id='line_1_29' title="bbox 454 3885 1802 3988; baseline -0.003 -22"><span class='ocrx_word' id='word_1_271' title='bbox 454 3897 523 3968; x_wconf 90' lang='lat' dir='ltr'>hoe</span> <span class='ocrx_word' id='word_1_272' title='bbox 541 3908 672 3988; x_wconf 90' lang='lat' dir='ltr'>quater</span> <span class='ocrx_word' id='word_1_273' title='bbox 689 3896 725 3967; x_wconf 92' lang='lat' dir='ltr'>in</span> <span class='ocrx_word' id='word_1_274' title='bbox 743 3916 839 3966; x_wconf 90' lang='lat' dir='ltr'>anno</span> <span class='ocrx_word' id='word_1_275' title='bbox 857 3931 865 3948; x_wconf 91' lang='lat'><strong>·</strong></span> <span class='ocrx_word' id='word_1_276' title='bbox 884 3891 1134 3984; x_wconf 87' lang='lat' dir='ltr'>pauimentum</span> <span class='ocrx_word' id='word_1_277' title='bbox 1160 3900 1283 3960; x_wconf 91' lang='lat' dir='ltr'>autem</span> <span class='ocrx_word' id='word_1_278' title='bbox 1308 3885 1469 3979; x_wconf 87' lang='lat' dir='ltr'>quolibet</span> <span class='ocrx_word' id='word_1_279' title='bbox 1487 3890 1545 3959; x_wconf 89' lang='lat' dir='ltr'>die</span> <span class='ocrx_word' id='word_1_280' title='bbox 1563 3888 1699 3961; x_wconf 77' lang='lat' dir='ltr'>lbbboti</span> <span class='ocrx_word' id='word_1_281' title='bbox 1718 3914 1802 3962; x_wconf 86' lang='lat' dir='ltr'>curn</span> 
     </span>
     <span class='ocr_line' id='line_1_30' title="bbox 454 3997 1804 4101; baseline -0.004 -23"><span class='ocrx_word' id='word_1_282' title='bbox 454 4029 548 4101; x_wconf 82' lang='lat' dir='ltr'>aqna</span> <span class='ocrx_word' id='word_1_283' title='bbox 565 4016 604 4077; x_wconf 90' lang='lat' dir='ltr'>et</span> <span class='ocrx_word' id='word_1_284' title='bbox 620 4002 735 4099; x_wconf 87' lang='lat' dir='ltr'>scopis</span> <span class='ocrx_word' id='word_1_285' title='bbox 752 4005 799 4076; x_wconf 91' lang='lat' dir='ltr'>ab</span> <span class='ocrx_word' id='word_1_286' title='bbox 816 4003 913 4073; x_wconf 91' lang='lat' dir='ltr'>omni</span> <span class='ocrx_word' id='word_1_287' title='bbox 942 4000 1114 4094; x_wconf 83' lang='lat' dir='ltr'>purgabit</span> <span class='ocrx_word' id='word_1_288' title='bbox 1139 3998 1331 4093; x_wconf 88' lang='lat' dir='ltr'>putredine</span> <span class='ocrx_word' id='word_1_289' title='bbox 1349 4037 1358 4056; x_wconf 90' lang='lat'><strong>·</strong></span> <span class='ocrx_word' id='word_1_290' title='bbox 1379 3997 1470 4070; x_wconf 86' lang='lat' dir='ltr'>Item</span> <span class='ocrx_word' id='word_1_291' title='bbox 1498 4001 1715 4073; x_wconf 87' lang='lat' dir='ltr'>cimiterium</span> <span class='ocrx_word' id='word_1_292' title='bbox 1734 4004 1804 4073; x_wconf 86' lang='lat' dir='ltr'>scr-</span> 
     </span>
     <span class='ocr_line' id='line_1_31' title="bbox 456 4107 1801 4210; baseline -0.003 -22"><span class='ocrx_word' id='word_1_293' title='bbox 456 4118 557 4189; x_wconf 89' lang='lat' dir='ltr'>nobit</span> <span class='ocrx_word' id='word_1_294' title='bbox 575 4117 622 4188; x_wconf 89' lang='lat' dir='ltr'>ab</span> <span class='ocrx_word' id='word_1_295' title='bbox 640 4112 794 4210; x_wconf 85' lang='lat' dir='ltr'>lngreisn</span> <span class='ocrx_word' id='word_1_296' title='bbox 812 4111 1022 4187; x_wconf 80' lang='lat' dir='ltr'>arrimalinm</span> <span class='ocrx_word' id='word_1_297' title='bbox 1041 4131 1230 4203; x_wconf 85' lang='lat' dir='ltr'>porcorum</span> <span class='ocrx_word' id='word_1_298' title='bbox 1251 4107 1419 4180; x_wconf 78' lang='lat' dir='ltr'>videlicet</span> <span class='ocrx_word' id='word_1_299' title='bbox 1437 4133 1607 4202; x_wconf 87' lang='lat' dir='ltr'>equorum</span> <span class='ocrx_word' id='word_1_300' title='bbox 1628 4124 1666 4183; x_wconf 87' lang='lat' dir='ltr'>et</span> <span class='ocrx_word' id='word_1_301' title='bbox 1692 4113 1801 4184; x_wconf 92' lang='lat' dir='ltr'>boum</span> 
     </span>
     <span class='ocr_line' id='line_1_32' title="bbox 456 4218 1801 4317; baseline -0.002 -18"><span class='ocrx_word' id='word_1_302' title='bbox 456 4223 552 4299; x_wconf 83' lang='lat' dir='ltr'>follis</span> <span class='ocrx_word' id='word_1_303' title='bbox 578 4224 795 4298; x_wconf 67' lang='lat' dir='ltr'>construens</span> <span class='ocrx_word' id='word_1_304' title='bbox 813 4237 851 4296; x_wconf 83' lang='lat' dir='ltr'>vt</span> <span class='ocrx_word' id='word_1_305' title='bbox 873 4223 1006 4294; x_wconf 83' lang='lat' dir='ltr'>‹lecet-</span> <span class='ocrx_word' id='word_1_306' title='bbox 1028 4220 1123 4292; x_wconf 90' lang='lat' dir='ltr'>Item</span> <span class='ocrx_word' id='word_1_307' title='bbox 1150 4218 1307 4290; x_wconf 73' lang='lat' dir='ltr'>seruauit</span> <span class='ocrx_word' id='word_1_308' title='bbox 1331 4222 1545 4292; x_wconf 86' lang='lat' dir='ltr'>cimiterium</span> <span class='ocrx_word' id='word_1_309' title='bbox 1572 4221 1618 4294; x_wconf 90' lang='lat' dir='ltr'>ab</span> <span class='ocrx_word' id='word_1_310' title='bbox 1646 4223 1801 4317; x_wconf 84' lang='lat' dir='ltr'>ingressu</span> 
     </span>
     <span class='ocr_line' id='line_1_33' title="bbox 455 4328 1801 4426; baseline -0.001 -17"><span class='ocrx_word' id='word_1_311' title='bbox 455 4338 697 4410; x_wconf 77' lang='lat' dir='ltr'>mercantium</span> <span class='ocrx_word' id='word_1_312' title='bbox 717 4359 764 4407; x_wconf 92' lang='lat' dir='ltr'>ne</span> <span class='ocrx_word' id='word_1_313' title='bbox 781 4337 817 4407; x_wconf 94' lang='lat' dir='ltr'>in</span> <span class='ocrx_word' id='word_1_314' title='bbox 836 4328 986 4406; x_wconf 79' lang='lat' dir='ltr'>ecelesia</span> <span class='ocrx_word' id='word_1_315' title='bbox 1002 4342 1067 4402; x_wconf 89' lang='lat' dir='ltr'>aut</span> <span class='ocrx_word' id='word_1_316' title='bbox 1085 4331 1264 4402; x_wconf 88' lang='lat' dir='ltr'>cimiterio</span> <span class='ocrx_word' id='word_1_317' title='bbox 1289 4354 1514 4424; x_wconf 89' lang='lat' dir='ltr'>quocumque</span> <span class='ocrx_word' id='word_1_318' title='bbox 1531 4345 1695 4426; x_wconf 85' lang='lat' dir='ltr'>tempore</span> <span class='ocrx_word' id='word_1_319' title='bbox 1712 4337 1801 4407; x_wconf 87' lang='lat' dir='ltr'>siant</span> 
     </span>
     <span class='ocr_line' id='line_1_34' title="bbox 456 4439 1802 4539; baseline -0.003 -17"><span class='ocrx_word' id='word_1_320' title='bbox 456 4449 660 4522; x_wconf 87' lang='lat' dir='ltr'>mereeneie</span> <span class='ocrx_word' id='word_1_321' title='bbox 672 4459 738 4520; x_wconf 80' lang='lat' dir='ltr'>ent</span> <span class='ocrx_word' id='word_1_322' title='bbox 749 4447 910 4520; x_wconf 89' lang='lat' dir='ltr'>nundine</span> <span class='ocrx_word' id='word_1_323' title='bbox 923 4455 997 4514; x_wconf 89' lang='lat' dir='ltr'>tam</span> <span class='ocrx_word' id='word_1_324' title='bbox 1012 4443 1050 4513; x_wconf 93' lang='lat' dir='ltr'>in</span> <span class='ocrx_word' id='word_1_325' title='bbox 1063 4441 1162 4533; x_wconf 82' lang='lat' dir='ltr'>ierijs</span> <span class='ocrx_word' id='word_1_326' title='bbox 1174 4463 1283 4534; x_wconf 89' lang='lat' dir='ltr'>quarn</span> <span class='ocrx_word' id='word_1_327' title='bbox 1296 4444 1331 4512; x_wconf 93' lang='lat' dir='ltr'>in</span> <span class='ocrx_word' id='word_1_328' title='bbox 1344 4439 1442 4513; x_wconf 85' lang='lat' dir='ltr'>festis</span> <span class='ocrx_word' id='word_1_329' title='bbox 1454 4454 1491 4513; x_wconf 89' lang='lat' dir='ltr'>et</span> <span class='ocrx_word' id='word_1_330' title='bbox 1505 4465 1802 4539; x_wconf 84' lang='lat' dir='ltr'>quorumcunque</span> 
     </span>
     <span class='ocr_line' id='line_1_35' title="bbox 454 4546 1803 4634; baseline -0.001 0"><span class='ocrx_word' id='word_1_331' title='bbox 454 4583 573 4634; x_wconf 88' lang='lat' dir='ltr'>rerum</span> <span class='ocrx_word' id='word_1_332' title='bbox 592 4553 868 4632; x_wconf 87' lang='lat' dir='ltr'>comestibilinm</span> <span class='ocrx_word' id='word_1_333' title='bbox 895 4553 953 4626; x_wconf 78' lang='lat' dir='ltr'>sel</span> <span class='ocrx_word' id='word_1_334' title='bbox 979 4575 1053 4625; x_wconf 92' lang='lat' dir='ltr'>non</span> <span class='ocrx_word' id='word_1_335' title='bbox 1079 4546 1357 4626; x_wconf 80' lang='lat' dir='ltr'>comestibilinm</span> <span class='ocrx_word' id='word_1_336' title='bbox 1374 4591 1383 4607; x_wconf 94' lang='lat'><strong>·</strong></span> <span class='ocrx_word' id='word_1_337' title='bbox 1403 4553 1495 4624; x_wconf 89' lang='lat' dir='ltr'>Item</span> <span class='ocrx_word' id='word_1_338' title='bbox 1514 4551 1669 4628; x_wconf 78' lang='lat' dir='ltr'>lbrrrabit</span> <span class='ocrx_word' id='word_1_339' title='bbox 1686 4558 1803 4632; x_wconf 85' lang='lat' dir='ltr'>cecle-</span> 
     </span>
    </p>
   </div>
   <div class='ocr_carea' id='block_1_3' title="bbox 0 0 2310 5963">
    <p class='ocr_par' dir='ltr' id='par_1_3' title="bbox 0 0 2310 5963">
     <span class='ocr_line' id='line_1_36' title="bbox 0 0 2310 5963; baseline 0 0"><span class='ocrx_word' id='word_1_340' title='bbox 0 0 2310 5963; x_wconf 95' lang='lat' dir='ltr'> </span> 
     </span>
    </p>
   </div>
  </div>
 </body>
</html>
