4564 5968
517 748 603 842 xm]
992 736 1394 815 ABERDONENSE.
1794 737 1863 806 199

518 948 724 1020 Bernardus
741 945 845 1041 super
870 941 1040 1019 Genelim
1066 950 1105 1014 et
1131 941 1259 1032 incipit
1280 935 1389 1008 Terra
1404 942 1511 1003 aarum
1531 940 1603 1002 erut
1621 972 1629 987 ·
1649 933 1685 1001 in
1706 927 1862 1001 secundo

517 1057 838 1244 Sulllllladdlildddls
852 1163 1048 1266 parisiensis
1061 1169 1098 1237 in
1109 1162 1265 1235 secundo
1279 1159 1364 1230 folio
1387 1157 1466 1230 Via
1483 1197 1490 1212 ·
1509 1156 1600 1228 Cum
1616 1155 1695 1227 aliis
1708 1150 1859 1226 diuersis

568 1281 785 1358 tractatibus
802 1325 811 1341 ·

845 1617 1028 1709 Incipiunt
1056 1630 1159 1681 aratu
1189 1628 1291 1680 rurus
1316 1628 1531 1680 ennonrcr·

519 1845 625 1918 Vnus
643 1845 736 1916 liber
753 1838 987 1913 decretalium
1007 1835 1181 1928 incipiens
1200 1835 1235 1902 in
1254 1830 1408 1903 secundo
1427 1832 1512 1902 folio
1535 1831 1755 1928 ,ldsululem
1775 1872 1782 1886 ·

516 1957 625 2029 Alius
643 1955 735 2026 liber
753 1949 987 2023 decretalium
1006 1947 1181 2040 incipiens
1198 1949 1236 2016 in
1254 1943 1409 2015 secundo
1427 1944 1511 2015 folio
1534 1941 1715 2015 Vidimus·

515 2068 661 2140 Tertius
673 2065 766 2137 liber
779 2061 1013 2134 decretalium
1028 2059 1203 2152 incipieus
1220 2060 1257 2128 iu
1276 2054 1430 2128 secundo
1441 2049 1860 2155 folioSpiritmsandlru·

368 2239 370 2244 .
516 2175 679 2260 Quartus
697 2171 790 2242 liber
806 2167 1040 2240 decretalium
1060 2167 1235 2261 incipiens
1252 2169 1289 2237 in
1307 2165 1460 2239 secundo
1478 2167 1564 2238 folio
1582 2165 1809 2238 EoeMuruu·
1858 2171 1862 2180 '

518 2282 733 2358 Decretales
766 2303 876 2375 parue
911 2281 947 2349 in
983 2273 1151 2349 allecibus
1185 2279 1269 2350 date
1298 2302 1362 2373 per
1390 2275 1596 2374 magistrum
1628 2277 1859 2351 Willelmum

569 2392 723 2487 Ramsay
741 2395 777 2463 in
796 2391 951 2463 secundo
971 2389 1056 2460 folio
1074 2391 1110 2459 in
1130 2399 1237 2460 textu
1259 2389 1397 2463 Varium
1415 2389 1539 2483 ccclcfie
1549 2391 1710 2489 sistetur·

520 2508 720 2580 Decretum
738 2505 913 2598 iucipiens
931 2503 965 2573 iu
986 2498 1141 2572 seeundo
1159 2500 1244 2572 folio
1262 2500 1421 2600 Quudefl
1437 2506 1607 2599 eorrajqat.

521 2619 721 2692 Decretum
739 2617 914 2709 incipiens
933 2616 968 2684 in
987 2609 1142 2684 seeundo
1161 2611 1246 2683 lolio
1264 2615 1300 2684 in
1319 2623 1426 2685 textu
1451 2613 1656 2686 Prouincia-

523 2733 721 2804 Decrctum
739 2729 869 2800 modici
889 2726 1017 2798 valoris
1034 2725 1210 2816 incipiens
1228 2726 1263 2795 in
1283 2723 1436 2797 secundo
1454 2725 1538 2797 folia
1557 2728 1591 2796 in
1611 2739 1718 2798 textu
1736 2737 1809 2800 tas·

521 2843 657 2916 Sextus
690 2838 849 2936 glosatus
883 2863 947 2934 per
976 2835 1193 2908 cardinalem
1227 2837 1263 2908 in
1298 2834 1452 2910 secundo
1487 2838 1571 2908 lulio
1607 2840 1643 2909 in
1679 2851 1786 2913 textu
1804 2841 1864 2913 bus

570 2964 763 3048 coopertus
780 2952 826 3022 dc
843 2953 944 3046 nigro
961 2972 1066 3021 coreo
1084 2989 1092 3004 ·

521 3069 673 3137 Summe
690 3065 736 3136 de
756 3059 893 3134 casabus
911 3057 1071 3134 Ostenlis
1088 3061 1263 3154 incipiens
1280 3064 1316 3131 in
1335 3061 1489 3134 secundo
1507 3063 1591 3134 folio
1610 3061 1707 3136 Nune
1722 3065 1806 3164 lepis
1824 3108 1831 3123 ·

389 3223 396 3240 a
523 3175 684 3249 Nouella
701 3175 878 3247 Johuunis
896 3175 1045 3246 Andrce
1067 3170 1173 3267 super
1190 3174 1387 3246 ‹leerctulcs
1405 3174 1441 3246 in
1460 3175 1599 3246 duobus
1618 3177 1863 3250 voluminibus

571 3292 688 3384 prima
705 3310 786 3380 pars
803 3288 839 3356 in
858 3282 1013 3357 secundo
1029 3285 1116 3356 sulio
1144 3283 1249 3380 lydae
1274 3325 1282 3342 ·
1308 3297 1348 3357 et
1365 3284 1517 3358 l'ecuucla
1535 3310 1614 3380 pars
1641 3291 1677 3360 in
1705 3288 1863 3363 secunda

571 3400 657 3472 folio
675 3396 916 3494 Eeceplionern
935 3437 943 3454 ·

525 3509 683 3584 Nouella
700 3509 877 3580 Johuunis
894 3507 1043 3579 Andree
1069 3506 1173 3602 super
1198 3506 1338 3579 sextum
1358 3510 1393 3578 in
1413 3506 1565 3581 secundo
1584 3513 1668 3584 lolio
1694 3511 1759 3610 Est
1787 3517 1835 3586 itu
1855 3558 1862 3571 ·

576 3623 624 3694 Et
642 3625 679 3694 in
698 3620 968 3692 mercurialibus
986 3621 1021 3689 in
1040 3619 1111 3692 alio
1136 3619 1320 3691 volumine
1344 3643 1414 3690 non
1440 3619 1608 3696 alleribus
1626 3624 1685 3697 l'ed
1704 3627 1862 3719 pellibus

572 3733 747 3807 viridibus
764 3734 800 3804 in
820 3731 974 3803 seeundo
991 3731 1078 3802 solia
1099 3729 1248 3804 Pretor-

523 3847 666 3942 Dignus
684 3846 729 3916 de
746 3843 880 3940 regulis
898 3846 984 3914 iuris
1002 3847 1036 3914 in
1055 3843 1212 3939 pellibus
1230 3845 1401 3916 uiridibus
1419 3847 1453 3916 in
1473 3845 1626 3919 secundo
1639 3851 1725 3922 sulio
1742 3854 1844 3926 ertul-

522 3957 679 4030 Ledlum
696 3953 801 4049 super
818 3955 1016 4027 decretales
1031 3958 1206 4050 incipiens
1224 3960 1259 4025 in
1277 3953 1432 4028 secundo
1446 3958 1530 4029 sulio
1546 3959 1665 4034 Credit
1675 3963 1839 4058 ecclcfiam
1854 4008 1862 4024 ·

522 4069 679 4142 Lestura
696 4066 905 4160 innocencij
920 4069 954 4139 in
974 4065 1141 4140 alleribus
1158 4071 1194 4138 iu
1213 4064 1366 4139 secundo
1384 4068 1470 4141 lolio
1486 4068 1587 4142 Sedis
1604 4114 1612 4129 ·

521 4179 722 4276 Speculum
740 4180 908 4251 iudiciale
926 4182 1099 4273 iucipiens
1116 4181 1154 4250 in
1173 4175 1327 4251 secundo
1344 4180 1429 4252 sulio
1446 4179 1623 4282 Sinpulis·

521 4292 634 4365 Aliud
669 4287 854 4384 speculum
881 4291 1048 4364 iudiciale
1074 4293 1110 4364 in
1137 4291 1293 4364 seeundo
1318 4291 1404 4364 folio
1440 4292 1488 4364 uri
1513 4298 1601 4368 circu
1631 4299 1725 4394 μήνι’
1750 4312 1789 4373 et
1825 4307 1862 4375 in

570 4403 681 4475 tertio
698 4401 787 4473 folio
803 4399 946 4473 Mittere
963 4444 971 4460 ·

522 4513 716 4588 llul'riedus
734 4514 780 4585 (le
797 4513 923 4584 ordine
939 4515 1152 4588 iudiciorum
1171 4517 1345 4611 incipiens
1363 4519 1398 4588 in
1416 4515 1570 4593 secundo
1588 4521 1767 4595 sollerius
1784 4567 1793 4584 ·

449 4687 451 4694 a
522 4622 1093 4721 Extrauaganteslohunnisxxij
1104 4627 1282 4726 glosatum
1296 4628 1582 4724 perGeffilinum
1594 4657 1676 4706 cum
1688 4654 1866 4731 apparatu

573 4759 661 4813 vot.
679 4758 722 4811 ιι.
1190 4751 1214 4812 rt
