4590 5954
454 703 476 768 4
968 691 1278 768 REGISTRUM
1644 699 1794 795 [secum

456 1005 590 1078 Modus
608 1003 823 1100 procedendi
841 1005 877 1076 in
895 1003 1049 1076 concilio
1067 1002 1155 1077 cleri
1174 1003 1358 1078 Scoticani
1376 1044 1385 1061 ·

458 1207 592 1304 Primo
622 1227 817 1301 induantur
846 1223 1000 1322 episcopi
1035 1226 1127 1300 albis
1161 1239 1201 1302 et
1230 1231 1369 1302 amittis
1404 1229 1525 1324 cappis
1554 1228 1795 1325 solempnibus

454 1343 569 1417 mitris
582 1340 779 1413 cerotbecis
797 1339 972 1412 habentes
986 1342 1023 1410 in
1037 1341 1204 1413 manibus
1222 1341 1369 1414 baculos
1387 1337 1578 1436 pastorales
1591 1341 1740 1414 abbates
1757 1343 1793 1412 in

453 1452 707 1550 superpellicijs
721 1465 759 1524 et
771 1453 892 1546 cappis
910 1453 1048 1524 mitrati
1062 1475 1146 1524 cum
1165 1455 1282 1526 mitris
1300 1455 1426 1527 decani
1445 1463 1483 1524 et
1500 1453 1737 1525 archidiaconi
1756 1456 1791 1524 in

453 1563 708 1660 superpellicijs
724 1573 763 1634 et
779 1563 943 1656 alrnucijs
960 1573 1000 1636 et
1017 1565 1140 1660 cappis
1153 1603 1162 1622 ·
1176 1562 1252 1660 Alij
1268 1588 1353 1638 vero
1367 1566 1487 1638 clerici
1506 1559 1574 1636 lint
1592 1567 1628 1635 in
1645 1562 1793 1636 honesto

454 1679 578 1752 babitu
591 1685 630 1748 et
642 1677 786 1748 decenti
802 1716 810 1733 ·
824 1675 956 1746 deinde
973 1676 1171 1769 procedant
1184 1676 1257 1748 duo
1275 1678 1476 1772 ceroferarij
1493 1675 1584 1749 albis
1600 1687 1639 1748 et
1656 1677 1793 1748 amistis

453 1789 569 1862 induti
597 1809 679 1861 cum
708 1788 820 1859 cereis
847 1786 1057 1858 ardentibus
1084 1798 1172 1859 ante
1195 1787 1398 1881 dyaconum
1426 1789 1487 1881 qui
1517 1787 1613 1884 legat
1640 1811 1794 1882 euange-

453 1901 540 1973 lium
559 1941 567 1958 ·
587 1897 669 1970 Eeo
687 1917 763 1970 surr
782 1917 920 1970 ersten
938 1917 1020 1969 sno.
1037 1919 1147 1989 quem
1171 1901 1369 1970 comitetur
1385 1896 1620 1972 subdiaconus
1637 1913 1676 1971 et
1693 1911 1794 1994 petet

452 2014 632 2106 dyaconus
661 2009 947 2082 benedittionem
972 2032 996 2080 a
1020 2005 1275 2081 conseruatere
1301 2005 1326 2080 li
1352 2008 1497 2103 presens
1527 2012 1636 2083 suerit
1662 2012 1718 2084 rel
1748 2013 1794 2084 ab

451 2123 651 2217 antiquiore
666 2117 832 2214 episcopo
850 2115 874 2189 sr
894 2115 939 2190 stt
955 2115 1082 2192 absens
1101 2157 1110 2176 ·
1128 2118 1287 2212 perlatio
1305 2121 1495 2217 euangelio
1508 2119 1690 2196 osculetur
1706 2123 1797 2196 liber

451 2261 473 2306 a
498 2232 745 2306 conseruatore
771 2239 809 2302 et
833 2227 981 2324 singulis
1005 2226 1179 2322 episcopis
1203 2270 1212 2286 ·
1236 2229 1368 2302 deinde
1395 2233 1543 2326 incipiat
1567 2233 1795 2307 conseruator

451 2367 598 2440 ymnum
618 2363 710 2414 vest
729 2340 911 2414 Catanen
935 2353 974 2411 et
997 2340 1042 2411 ad
1067 2339 1269 2432 quemlibet
1287 2338 1428 2412 uersum
1456 2343 1660 2416 incensetur
1681 2347 1793 2418 altare

451 2459 497 2530 ab
514 2455 685 2550 episcopis
702 2477 772 2547 quo
791 2455 883 2525 satio
900 2453 960 2546 qul
979 2452 1091 2524 habet
1108 2453 1228 2524 dicere
1245 2449 1445 2525 sermonem
1464 2467 1611 2548 accepta
1629 2457 1794 2530 benedie-

452 2573 550 2642 tione
567 2591 589 2640 a
605 2565 853 2639 conseruatore
872 2565 1021 2659 incipiat
1038 2562 1239 2637 sermonem
1257 2565 1301 2636 ad
1321 2589 1431 2636 comu
1450 2566 1572 2637 altaris
1587 2607 1595 2623 ·
1610 2567 1711 2638 linito
1725 2567 1794 2640 ser·

451 2705 558 2754 mone
571 2691 746 2751 vocentur
761 2679 861 2750 citati
876 2678 921 2748 ad
939 2677 1133 2748 concilium
1152 2686 1191 2748 et
1208 2673 1374 2748 absentes
1392 2679 1587 2770 puniantur
1599 2679 1793 2750 secundum

451 2791 587 2866 statuta
601 2791 730 2884 quibus
747 2786 892 2861 statutis
917 2790 1052 2862 ibidem
1076 2787 1243 2882 perledtis
1260 2789 1297 2860 in
1316 2788 1461 2882 publico
1478 2793 1793 2864 excommunicent

452 2903 603 2998 episcopi
622 2899 814 2974 seeundum
835 2897 969 2974 statuta
986 2899 1163 2972 habentes
1181 2894 1310 2996 singuli
1330 2901 1366 2972 in
1385 2903 1550 2973 ntaraibus
1567 2902 1758 2974 candelas·

592 3343 793 3448 {aaaron
817 3343 973 3427 statuta
999 3339 1198 3441 generalla
1223 3340 1379 3426 etaient
1402 3345 1651 3430 mentitam·

450 3573 615 3648 Canones
639 3571 860 3668 generalium
885 3569 1120 3642 conciliemur
1141 3580 1180 3642 rt
1200 3568 1383 3642 Ysoderus
1407 3575 1459 3644 nit
1477 3597 1499 3645 a
1516 3585 1678 3666 tempore
1699 3573 1793 3647 Cen·

449 3684 595 3759 stuntini
619 3685 844 3780 imperatoris
868 3694 1043 3777 ceperunt
1071 3683 1202 3774 quibus
1228 3681 1347 3756 santia
1370 3683 1533 3758 Romana
1558 3682 1706 3759 ecclelia
1722 3687 1793 3759 lide

449 3795 626 3870 catholiea
654 3793 897 3868 succrescente
927 3805 965 3866 et
996 3792 1105 3866 saneti
1136 3805 1258 3888 patres
1288 3797 1325 3866 in
1356 3794 1509 3868 correilio
1538 3795 1680 3868 Niceno
1709 3821 1794 3870 eon·

449 3909 637 3982 uenientes
660 3903 853 3978 seeundum
880 3905 988 3978 fidem
1015 3905 1264 4001 euangelicam
1288 3917 1327 3978 et
1349 3903 1579 4001 apostolicam
1604 3911 1793 3982 certitudi-

449 4041 531 4093 nem
557 4017 813 4092 tradideruut·
838 4019 933 4088 inter
954 4027 1077 4089 cetera
1102 4014 1303 4090 llntuentes
1326 4013 1417 4091 licut
1444 4018 1571 4090 beatus
1597 4019 1792 4116 Gregorius

450 4131 548 4226 Papa
573 4129 694 4204 scribit
718 4129 814 4222 quod
829 4129 924 4222 steret
937 4119 1063 4225 seradli
1090 4127 1260 4228 euangelij
1279 4127 1382 4202 libros
1406 4139 1554 4226 preoluor
1567 4131 1626 4224 stc
1649 4142 1792 4228 qualitor

447 4240 588 4318 coracisio
597 4241 792 4339 seffoipicrr
809 4241 961 4314 roret-eri
980 4263 1034 4314 are
1047 4237 1168 4336 soteor
1183 4237 1351 4314 Nioeaam
1360 4239 1499 4338 scilieet
1516 4239 1790 4340 &assentiamur-

446 4353 585 4428 litom
603 4350 804 4450 Epdrfim
820 4361 853 4424 et
870 4349 1112 4448 Golcidoaease
1128 4389 1138 4410 ·
1156 4353 1193 4424 in
1211 4352 1343 4446 quibus
1360 4351 1520 4426 heretice
1537 4357 1734 4447 prauitates
1750 4371 1788 4428 et

445 4467 527 4540 lidei
553 4463 731 4540 catholice
755 4465 1023 4560 impugnatores
1045 4463 1365 4536 confundebantur
1384 4477 1423 4536 et
1445 4465 1572 4560 religio
1588 4465 1788 4540 Christiana

445 4577 488 4650 ad
516 4575 585 4650 Dei
617 4575 761 4650 laudem
786 4588 825 4648 et
849 4575 1010 4647 omnium
1038 4575 1267 4648 credentium
1296 4575 1446 4649 l'alutem
1474 4575 1624 4651 solidum
1651 4581 1786 4674 recepit
