4526 5954
497 745 571 812 224
1014 732 1319 809 REGISTRUM
1684 736 1846 831 [sucum

500 938 538 1008 xl
557 939 586 1008 ἔ.
639 935 688 1009 Et
705 963 769 1033 pro
785 937 865 1033 olijs
882 937 1020 1008 duabus
1038 927 1148 1003 miffis
1174 953 1239 1024 per
1254 935 1409 1005 eundem
1436 931 1597 1003 fundatis
1614 935 1653 1003 iu
1671 936 1783 1006 tertio
1810 949 1848 1005 et

502 1049 607 1122 sexte
624 1051 720 1143 serijo
741 1050 787 1122 de
803 1045 1027 1122 Vulneribus
1052 1041 1224 1113 videlicet
1243 1043 1343 1116 etde
1362 1043 1524 1116 Nomine
1539 1038 1628 1113 Josu
1646 1083 1655 1101 ·
1676 1045 1721 1116 de
1749 1055 1851 1116 terre

502 1161 588 1234 olim
608 1161 759 1234 Roberti
777 1160 907 1255 Smyth
926 1161 962 1229 in
980 1158 1060 1227 vico
1078 1154 1259 1226 fiuoerum
1276 1147 1526 1228 Aberdouenfi
1544 1175 1641 1224 nune
1659 1150 1759 1226 vesto
1780 1178 1802 1220 v
1819 1158 1848 1228 ἓ.

504 1272 555 1344 Et
570 1273 617 1345 de
633 1283 731 1345 terre
746 1272 832 1344 olim
850 1269 998 1342 Andree
1016 1264 1135 1358 Dorty
1152 1288 1203 1337 xx
1220 1267 1251 1338 ἔ.
1305 1265 1353 1338 Et
1370 1267 1416 1338 de
1441 1275 1537 1334 terra
1553 1262 1641 1334 olim
1660 1263 1849 1337 Gleumol-

505 1385 593 1479 viug
602 1406 699 1456 nouo
710 1390 885 1475 occupata
894 1402 959 1472 per
971 1375 1193 1450 Nioholeum
1207 1374 1416 1472 Cufiugxi.
1445 1374 1494 1446 Et
1507 1373 1848 1447 decrestisDnuidiu

505 1493 592 1567 Mar
609 1516 705 1566 nuuc
730 1496 769 1564 in
788 1491 953 1562 menibus
977 1485 1138 1583 magistri
1158 1489 1288 1562 Jacobi
1304 1487 1414 1560 Terre
1431 1499 1470 1559 et
1493 1485 1672 1558 Johonnis
1689 1484 1849 1560 vobstu

505 1608 541 1676 io
561 1605 598 1698 ly
613 1627 725 1698 greyu
743 1603 789 1673 de
805 1597 979 1671 Aberdeu
996 1622 1075 1671 xxx
1092 1601 1122 1672 ἔ.
1149 1599 1200 1672 Et
1213 1601 1259 1672 de
1275 1601 1398 1673 oroitis
1417 1597 1567 1670 Dauidis
1587 1595 1739 1693 Murrey
1752 1623 1849 1672 nuuc

505 1715 656 1786 Andree
674 1713 823 1807 Murrey
848 1735 898 1782 xx
915 1713 944 1782 ἔ.
996 1710 1047 1783 Et
1071 1711 1117 1782 do
1142 1712 1267 1784 eruitis
1291 1708 1418 1782 nostris
1435 1713 1473 1781 in
1499 1711 1666 1783 menibus
1691 1707 1849 1806 mogistn'

505 1827 530 1898 J
532 1826 683 1897 ohannis
695 1821 867 1895 Gordoun
881 1819 927 1917 vij
946 1824 976 1894 ἔ.
1004 1821 1054 1894 Et
1067 1823 1113 1895 de
1126 1832 1223 1895 terre
1237 1822 1387 1895 Roberti
1401 1821 1556 1894 Oulione
1569 1824 1606 1893 in
1625 1823 1660 1918 ly
1674 1821 1850 1919 Sohiprov

507 1937 553 2009 de
571 1935 766 2006 Aberdeue
787 1937 855 2008 v}-

802 2046 952 2119 Summa
1054 2099 1062 2116 .
1166 2098 1174 2114 .
1275 2043 1325 2138 iiij
1346 2044 1408 2114 iio.
1426 2042 1501 2138 xvij
1521 2047 1550 2117 ἓ.

725 2268 828 2342 Ferie
844 2266 946 2342 sexte
963 2291 1027 2362 pro
1044 2269 1166 2340 auimo
1182 2265 1341 2363 magistri
1360 2266 1504 2339 Veloeri
1524 2265 1648 2340 Ydill·

560 2381 617 2454 De
628 2385 733 2456 terris
745 2403 843 2453 nune
852 2383 1036 2474 occupetis
1045 2403 1112 2476 per
1123 2377 1329 2451 Johouuem
1347 2377 1459 2451 Abell
1475 2391 1514 2452 et
1532 2380 1720 2453 Andreom
1735 2380 1850 2476 Ewyu

509 2495 712 2568 iacentibus
729 2497 766 2567 in
783 2491 930 2588 Kyntor
945 2516 996 2566 xx
1009 2496 1040 2566 ἔ.

609 2717 770 2793 Sobbuto
787 2741 851 2813 pro
868 2718 988 2790 anime
1004 2714 1231 2811 suprascripti
1249 2712 1409 2810 magistri
1437 2714 1642 2789 Alexandri
1661 2717 1810 2790 Veuse·

552 2827 1850 2925 DetemdominiJohanuisFeutouuinnouooppidoAberdonenfixiJ'i.

553 2941 705 3014 Summo
721 2940 844 3014 totalis
861 2964 925 3036 pro
942 2936 1052 3012 miffis
1063 2937 1296 3034 sequentibus
1311 2937 1597 3036 [preocdeutibus]
1617 2943 1653 3035 xj
1672 2941 1735 3014 lib.
1746 2945 1810 3014 xix
1821 2945 1851 3014 ἓ.

609 3162 680 3236 Pro
696 3159 797 3238 miffe
814 3164 941 3236 ultimo
963 3161 1025 3236 seu
1049 3160 1216 3256 supreme
1238 3162 1400 3255 quotidie
1416 3161 1632 3238 celebrande
1649 3188 1714 3260 pro
1730 3165 1852 3238 anime

609 3275 822 3348 venerabilis
839 3277 904 3347 viri
921 3271 1080 3370 magistri
1099 3274 1250 3347 Andree
1276 3273 1380 3370 Lyeli
1397 3275 1485 3348 olim
1502 3274 1712 3373 theseumrij
1732 3276 1851 3350 Aber-

606 3381 772 3460 doneuiis
789 3388 876 3460 horo
892 3387 1082 3459 vndecimu
1098 3427 1106 3444 ·

559 3499 617 3574 De
644 3502 904 3572 communitate
926 3498 1030 3594 burgi
1049 3498 1094 3570 de
1111 3500 1308 3572 Aberdeue
1333 3523 1398 3595 per
1421 3498 1574 3574 bulliuos
1600 3501 1759 3578 eiusdem
1780 3501 1849 3576 soi·

509 3611 637 3686 uendis
654 3611 692 3682 in
710 3613 863 3683 termino
878 3606 1129 3705 penthecostes
1143 3610 1242 3683 viiii.
1277 3611 1327 3685 Et
1336 3635 1402 3708 per
1413 3625 1682 3707 procuratorem
1697 3610 1848 3690 ecclesie

491 3719 720 3820 'paroehialis
746 3723 820 3796 diui
846 3721 883 3794 N
887 3720 1028 3816 ioholaij
1058 3719 1328 3797 Aberdoueufio
1352 3747 1418 3819 pro
1435 3734 1600 3819 tempore
1626 3725 1847 3800 existentem

506 3833 570 3931 xiij
589 3838 618 3908 ἔ.
636 3831 686 3929 iiij
705 3832 742 3906 d.
794 3833 844 3907 Et
860 3835 905 3906 de
931 3835 1054 3906 oroitis
1080 3857 1178 3907 nunc
1205 3833 1357 3909 Douidio
1381 3835 1468 3909 Mor
1483 3859 1534 3910 xx
1560 3839 1590 3910 ii.
1617 3839 1664 3912 de
1690 3840 1847 3912 termino

506 3945 619 4020 sonui
636 3945 790 4018 Martini
807 3947 845 4017 in
861 3945 1015 4040 hyeme·

778 4055 929 4130 Summo
1002 4109 1010 4128 .
1114 4110 1124 4129 .
1201 4055 1318 4152 vjlio.
1335 4058 1399 4155 xiij
1418 4061 1448 4133 ἔ.
1466 4059 1517 4158 iiij
1534 4059 1571 4134 u.

608 4277 717 4356 Misso
738 4277 946 4375 quotidiano
961 4303 1027 4375 pro
1044 4283 1165 4354 anime
1190 4281 1328 4355 domini
1345 4281 1525 4358 Wiilelmi
1545 4284 1649 4383 byei!
1668 4284 1845 4382 eupolini

606 4394 704 4469 chori
722 4401 760 4466 et
777 4388 896 4487 vieouij
915 4390 961 4464 de
979 4391 1272 4490 Logydurnooh·

429 4577 434 4588 ,
557 4509 616 4582 De
644 4505 768 4581 eroftio
793 4503 878 4576 olim
903 4503 1081 4578 Johoonio
1112 4505 1219 4580 Weir
1247 4529 1344 4580 nuno
1371 4509 1409 4580 iu
1436 4512 1604 4586 monibus
1634 4509 1845 4609 Mergum

508 4617 722 4719 Kyntorsue
731 4617 853 4692 tuliae
862 4615 948 4714 xxvj
967 4617 997 4692 fi.
1015 4617 1076 4715 viij
1087 4615 1125 4692 d.
1153 4617 1262 4696 uode
1274 4629 1371 4693 iem
1383 4619 1534 4698 Andree
1546 4621 1845 4726 Tuil3eouruuuo
