<?xml version="1.0" encoding="UTF-8"?>
<!DOCTYPE html PUBLIC "-//W3C//DTD XHTML 1.0 Transitional//EN"
    "http://www.w3.org/TR/xhtml1/DTD/xhtml1-transitional.dtd">
<html xmlns="http://www.w3.org/1999/xhtml" xml:lang="en" lang="en">
 <head>
  <title>
</title>
<meta http-equiv="Content-Type" content="text/html;charset=utf-8" />
  <meta name='ocr-system' content='tesseract 3.04.00' />
  <meta name='ocr-capabilities' content='ocr_page ocr_carea ocr_par ocr_line ocrx_word'/>
</head>
<body>
  <div class='ocr_page' id='page_1' title='image "./registrumepisco00innegoog_0130.png"; bbox 0 0 4612 5964; ppageno 0'>
   <div class='ocr_carea' id='block_1_1' title="bbox 521 765 1872 872">
    <p class='ocr_par' dir='ltr' id='par_1_1' title="bbox 521 765 1872 872">
     <span class='ocr_line' id='line_1_1' title="bbox 521 765 1872 872; baseline 0.008 -27"><span class='ocrx_word' id='word_1_1' title='bbox 521 777 606 872; x_wconf 61' lang='lat' dir='ltr'>xa]</span> <span class='ocrx_word' id='word_1_2' title='bbox 662 765 665 771; x_wconf 86' lang='grc'><em>·</em></span> <span class='ocrx_word' id='word_1_3' title='bbox 986 783 1398 859; x_wconf 79' lang='lat' dir='ltr'>Asuauonansu.</span> <span class='ocrx_word' id='word_1_4' title='bbox 1826 797 1872 866; x_wconf 83' lang='lat'>75</span> 
     </span>
    </p>
   </div>
   <div class='ocr_carea' id='block_1_2' title="bbox 561 1085 1820 1279">
    <p class='ocr_par' dir='ltr' id='par_1_2' title="bbox 561 1085 1820 1279">
     <span class='ocr_line' id='line_1_2' title="bbox 561 1085 1820 1188; baseline 0.005 -30"><span class='ocrx_word' id='word_1_5' title='bbox 561 1085 618 1158; x_wconf 92' lang='lat' dir='ltr'>De</span> <span class='ocrx_word' id='word_1_6' title='bbox 636 1105 866 1182; x_wconf 80' lang='lat' dir='ltr'>procuratore</span> <span class='ocrx_word' id='word_1_7' title='bbox 883 1098 1067 1168; x_wconf 89' lang='lat' dir='ltr'>communi</span> <span class='ocrx_word' id='word_1_8' title='bbox 1086 1094 1238 1188; x_wconf 92' lang='lat' dir='ltr'>capituli</span> <span class='ocrx_word' id='word_1_9' title='bbox 1252 1093 1442 1163; x_wconf 77' lang='lat' dir='ltr'><strong>annuatim</strong></span> <span class='ocrx_word' id='word_1_10' title='bbox 1461 1092 1628 1186; x_wconf 88' lang='lat' dir='ltr'>eligendo</span> <span class='ocrx_word' id='word_1_11' title='bbox 1645 1102 1685 1164; x_wconf 91' lang='lat' dir='ltr'>et</span> <span class='ocrx_word' id='word_1_12' title='bbox 1698 1094 1820 1185; x_wconf 85' lang='lat' dir='ltr'><strong>equali</strong></span> 
     </span>
     <span class='ocr_line' id='line_1_3' title="bbox 717 1201 1653 1279; baseline -0.002 -3"><span class='ocrx_word' id='word_1_13' title='bbox 717 1201 968 1279; x_wconf 90' lang='lat' dir='ltr'>distributione</span> <span class='ocrx_word' id='word_1_14' title='bbox 986 1208 1154 1279; x_wconf 82' lang='lat' dir='ltr'>facienda</span> <span class='ocrx_word' id='word_1_15' title='bbox 1170 1204 1354 1275; x_wconf 87' lang='lat' dir='ltr'>canonicis</span> <span class='ocrx_word' id='word_1_16' title='bbox 1372 1202 1419 1274; x_wconf 92' lang='lat' dir='ltr'>de</span> <span class='ocrx_word' id='word_1_17' title='bbox 1435 1207 1653 1277; x_wconf 86' lang='lat' dir='ltr'>communia.</span> 
     </span>
    </p>
   </div>
   <div class='ocr_carea' id='block_1_3' title="bbox 506 1423 1870 2188">
    <p class='ocr_par' dir='ltr' id='par_1_3' title="bbox 506 1423 1870 2188">
     <span class='ocr_line' id='line_1_4' title="bbox 511 1423 1870 1526; baseline 0.003 -32"><span class='ocrx_word' id='word_1_18' title='bbox 511 1423 604 1497; x_wconf 90' lang='lat' dir='ltr'>ltem</span> <span class='ocrx_word' id='word_1_19' title='bbox 632 1430 727 1521; x_wconf 89' lang='lat' dir='ltr'>quod</span> <span class='ocrx_word' id='word_1_20' title='bbox 756 1426 904 1526; x_wconf 86' lang='lat' dir='ltr'>singulis</span> <span class='ocrx_word' id='word_1_21' title='bbox 929 1432 1034 1502; x_wconf 88' lang='lat' dir='ltr'>aunis</span> <span class='ocrx_word' id='word_1_22' title='bbox 1060 1427 1219 1520; x_wconf 77' lang='lat' dir='ltr'>eligatur</span> <span class='ocrx_word' id='word_1_23' title='bbox 1244 1447 1338 1496; x_wconf 87' lang='lat' dir='ltr'>vuus</span> <span class='ocrx_word' id='word_1_24' title='bbox 1366 1437 1577 1518; x_wconf 88' lang='lat' dir='ltr'>procurator</span> <span class='ocrx_word' id='word_1_25' title='bbox 1603 1424 1678 1498; x_wconf 88' lang='lat' dir='ltr'>fine</span> <span class='ocrx_word' id='word_1_26' title='bbox 1696 1428 1870 1502; x_wconf 71' lang='lat' dir='ltr'>collector</span> 
     </span>
     <span class='ocr_line' id='line_1_5' title="bbox 508 1533 1866 1632; baseline 0 -24"><span class='ocrx_word' id='word_1_27' title='bbox 508 1540 687 1632; x_wconf 89' lang='lat' dir='ltr'>generalis</span> <span class='ocrx_word' id='word_1_28' title='bbox 704 1540 751 1612; x_wconf 90' lang='lat' dir='ltr'>de</span> <span class='ocrx_word' id='word_1_29' title='bbox 766 1542 950 1613; x_wconf 89' lang='lat' dir='ltr'>canonicis</span> <span class='ocrx_word' id='word_1_30' title='bbox 975 1533 1219 1609; x_wconf 78' lang='lat' dir='ltr'>residentibus</span> <span class='ocrx_word' id='word_1_31' title='bbox 1237 1538 1299 1629; x_wconf 91' lang='lat' dir='ltr'>qui</span> <span class='ocrx_word' id='word_1_32' title='bbox 1325 1536 1460 1608; x_wconf 86' lang='lat' dir='ltr'>habeat</span> <span class='ocrx_word' id='word_1_33' title='bbox 1486 1536 1625 1610; x_wconf 71' lang='lat' dir='ltr'>frussus</span> <span class='ocrx_word' id='word_1_34' title='bbox 1643 1550 1682 1610; x_wconf 93' lang='lat' dir='ltr'>et</span> <span class='ocrx_word' id='word_1_35' title='bbox 1698 1540 1866 1612; x_wconf 77' lang='lat' dir='ltr'>redditus</span> 
     </span>
     <span class='ocr_line' id='line_1_6' title="bbox 508 1644 1866 1744; baseline 0.005 -29"><span class='ocrx_word' id='word_1_36' title='bbox 508 1652 670 1721; x_wconf 85' lang='lat' dir='ltr'>onmium</span> <span class='ocrx_word' id='word_1_37' title='bbox 697 1647 927 1724; x_wconf 88' lang='lat' dir='ltr'>ecclesiarum</span> <span class='ocrx_word' id='word_1_38' title='bbox 953 1650 998 1722; x_wconf 87' lang='lat' dir='ltr'>ud</span> <span class='ocrx_word' id='word_1_39' title='bbox 1026 1669 1259 1720; x_wconf 90' lang='lat' dir='ltr'>communem</span> <span class='ocrx_word' id='word_1_40' title='bbox 1286 1644 1527 1741; x_wconf 68' lang='lat' dir='ltr'>spedautium</span> <span class='ocrx_word' id='word_1_41' title='bbox 1556 1649 1675 1720; x_wconf 83' lang='lat' dir='ltr'>levare</span> <span class='ocrx_word' id='word_1_42' title='bbox 1701 1653 1866 1744; x_wconf 90' lang='lat' dir='ltr'>recipere</span> 
     </span>
     <span class='ocr_line' id='line_1_7' title="bbox 507 1758 1864 1856; baseline 0.001 -25"><span class='ocrx_word' id='word_1_43' title='bbox 507 1760 679 1856; x_wconf 82' lang='lat' dir='ltr'>colligere</span> <span class='ocrx_word' id='word_1_44' title='bbox 708 1773 747 1835; x_wconf 92' lang='lat' dir='ltr'>et</span> <span class='ocrx_word' id='word_1_45' title='bbox 781 1760 993 1834; x_wconf 88' lang='lat' dir='ltr'>conseruare</span> <span class='ocrx_word' id='word_1_46' title='bbox 1019 1760 1066 1832; x_wconf 93' lang='lat' dir='ltr'>de</span> <span class='ocrx_word' id='word_1_47' title='bbox 1092 1758 1262 1830; x_wconf 86' lang='lat' dir='ltr'>manibus</span> <span class='ocrx_word' id='word_1_48' title='bbox 1288 1781 1587 1852; x_wconf 88' lang='lat' dir='ltr'>quorumcunque</span> <span class='ocrx_word' id='word_1_49' title='bbox 1622 1760 1864 1833; x_wconf 86' lang='lat' dir='ltr'>firmariorum</span> 
     </span>
     <span class='ocr_line' id='line_1_8' title="bbox 506 1868 1866 1965; baseline 0.003 -24"><span class='ocrx_word' id='word_1_50' title='bbox 506 1870 566 1942; x_wconf 89' lang='lat' dir='ltr'>s&#39;eu</span> <span class='ocrx_word' id='word_1_51' title='bbox 603 1868 878 1945; x_wconf 72' lang='lat' dir='ltr'>intromissorum</span> <span class='ocrx_word' id='word_1_52' title='bbox 907 1871 1107 1943; x_wconf 90' lang='lat' dir='ltr'>eorundem</span> <span class='ocrx_word' id='word_1_53' title='bbox 1136 1908 1145 1927; x_wconf 93' lang='lat'><strong>·</strong></span> <span class='ocrx_word' id='word_1_54' title='bbox 1175 1868 1225 1941; x_wconf 89' lang='lat' dir='ltr'>Et</span> <span class='ocrx_word' id='word_1_55' title='bbox 1255 1871 1352 1963; x_wconf 91' lang='lat' dir='ltr'>quod</span> <span class='ocrx_word' id='word_1_56' title='bbox 1384 1871 1448 1941; x_wconf 86' lang='lat' dir='ltr'>fiat</span> <span class='ocrx_word' id='word_1_57' title='bbox 1482 1869 1688 1942; x_wconf 80' lang='lat' dir='ltr'>distributio</span> <span class='ocrx_word' id='word_1_58' title='bbox 1724 1873 1866 1965; x_wconf 77' lang='lat' dir='ltr'>equalis</span> 
     </span>
     <span class='ocr_line' id='line_1_9' title="bbox 506 1979 1865 2077; baseline -0.001 -21"><span class='ocrx_word' id='word_1_59' title='bbox 506 1985 689 2056; x_wconf 87' lang='lat' dir='ltr'>canonicis</span> <span class='ocrx_word' id='word_1_60' title='bbox 705 1980 945 2056; x_wconf 77' lang='lat' dir='ltr'>relidentibus</span> <span class='ocrx_word' id='word_1_61' title='bbox 961 1991 1002 2053; x_wconf 87' lang='lat' dir='ltr'>et</span> <span class='ocrx_word' id='word_1_62' title='bbox 1017 1980 1115 2074; x_wconf 89' lang='lat' dir='ltr'>quod</span> <span class='ocrx_word' id='word_1_63' title='bbox 1135 1979 1245 2053; x_wconf 89' lang='lat' dir='ltr'>semel</span> <span class='ocrx_word' id='word_1_64' title='bbox 1263 1982 1302 2052; x_wconf 92' lang='lat' dir='ltr'>in</span> <span class='ocrx_word' id='word_1_65' title='bbox 1320 2005 1416 2069; x_wconf 88' lang='lat' dir='ltr'>anno</span> <span class='ocrx_word' id='word_1_66' title='bbox 1430 1982 1476 2053; x_wconf 92' lang='lat' dir='ltr'>de</span> <span class='ocrx_word' id='word_1_67' title='bbox 1490 2005 1554 2076; x_wconf 90' lang='lat' dir='ltr'>per</span> <span class='ocrx_word' id='word_1_68' title='bbox 1571 1981 1686 2077; x_wconf 88' lang='lat' dir='ltr'>ipsum</span> <span class='ocrx_word' id='word_1_69' title='bbox 1706 1988 1865 2077; x_wconf 84' lang='lat' dir='ltr'>receptis</span> 
     </span>
     <span class='ocr_line' id='line_1_10' title="bbox 506 2089 1864 2188; baseline 0.003 -25"><span class='ocrx_word' id='word_1_70' title='bbox 506 2095 571 2166; x_wconf 89' lang='lat' dir='ltr'>siat</span> <span class='ocrx_word' id='word_1_71' title='bbox 587 2094 735 2188; x_wconf 86' lang='lat' dir='ltr'>plenum</span> <span class='ocrx_word' id='word_1_72' title='bbox 754 2106 962 2186; x_wconf 88' lang='lat' dir='ltr'>compotum</span> <span class='ocrx_word' id='word_1_73' title='bbox 977 2095 1014 2164; x_wconf 92' lang='lat' dir='ltr'>in</span> <span class='ocrx_word' id='word_1_74' title='bbox 1030 2092 1193 2187; x_wconf 89' lang='lat' dir='ltr'>capitulo</span> <span class='ocrx_word' id='word_1_75' title='bbox 1211 2115 1296 2164; x_wconf 88' lang='lat' dir='ltr'>cum</span> <span class='ocrx_word' id='word_1_76' title='bbox 1309 2089 1416 2186; x_wconf 89' lang='lat' dir='ltr'>super</span> <span class='ocrx_word' id='word_1_77' title='bbox 1432 2093 1500 2164; x_wconf 83' lang='lat' dir='ltr'>lroc</span> <span class='ocrx_word' id='word_1_78' title='bbox 1518 2095 1628 2166; x_wconf 84' lang='lat' dir='ltr'>suerit</span> <span class='ocrx_word' id='word_1_79' title='bbox 1645 2089 1841 2188; x_wconf 78' lang='lat' dir='ltr'>requisitus</span> <span class='ocrx_word' id='word_1_80' title='bbox 1856 2137 1864 2151; x_wconf 93' lang='lat'><strong>·</strong></span> 
     </span>
    </p>
   </div>
   <div class='ocr_carea' id='block_1_4' title="bbox 524 2313 1846 2412">
    <p class='ocr_par' dir='ltr' id='par_1_4' title="bbox 524 2313 1846 2412">
     <span class='ocr_line' id='line_1_11' title="bbox 524 2313 1846 2412; baseline 0.003 -26"><span class='ocrx_word' id='word_1_81' title='bbox 524 2316 581 2388; x_wconf 92' lang='lat' dir='ltr'>De</span> <span class='ocrx_word' id='word_1_82' title='bbox 598 2318 708 2388; x_wconf 84' lang='lat' dir='ltr'>cartis</span> <span class='ocrx_word' id='word_1_83' title='bbox 726 2313 842 2410; x_wconf 86' lang='lat' dir='ltr'>sigillo</span> <span class='ocrx_word' id='word_1_84' title='bbox 859 2319 1042 2388; x_wconf 91' lang='lat' dir='ltr'>communi</span> <span class='ocrx_word' id='word_1_85' title='bbox 1068 2313 1269 2412; x_wconf 73' lang='lat' dir='ltr'>sigillandis</span> <span class='ocrx_word' id='word_1_86' title='bbox 1284 2325 1325 2388; x_wconf 87' lang='lat' dir='ltr'>et</span> <span class='ocrx_word' id='word_1_87' title='bbox 1342 2314 1601 2411; x_wconf 82' lang='lat' dir='ltr'>subscriptione</span> <span class='ocrx_word' id='word_1_88' title='bbox 1619 2320 1817 2390; x_wconf 86' lang='lat' dir='ltr'>earundem</span> <span class='ocrx_word' id='word_1_89' title='bbox 1838 2362 1846 2376; x_wconf 92' lang='lat'><strong>·</strong></span> 
     </span>
    </p>
   </div>
   <div class='ocr_carea' id='block_1_5' title="bbox 502 2537 1863 2966">
    <p class='ocr_par' dir='ltr' id='par_1_5' title="bbox 502 2537 1863 2966">
     <span class='ocr_line' id='line_1_12' title="bbox 504 2537 1862 2636; baseline 0.001 -26"><span class='ocrx_word' id='word_1_90' title='bbox 504 2538 600 2612; x_wconf 84' lang='lat' dir='ltr'>Item</span> <span class='ocrx_word' id='word_1_91' title='bbox 618 2538 715 2631; x_wconf 88' lang='lat' dir='ltr'>quod</span> <span class='ocrx_word' id='word_1_92' title='bbox 741 2541 905 2612; x_wconf 89' lang='lat' dir='ltr'>canonici</span> <span class='ocrx_word' id='word_1_93' title='bbox 932 2539 1117 2634; x_wconf 87' lang='lat' dir='ltr'>presentes</span> <span class='ocrx_word' id='word_1_94' title='bbox 1134 2551 1174 2611; x_wconf 91' lang='lat' dir='ltr'>et</span> <span class='ocrx_word' id='word_1_95' title='bbox 1191 2537 1463 2612; x_wconf 86' lang='lat' dir='ltr'>consentientes</span> <span class='ocrx_word' id='word_1_96' title='bbox 1481 2541 1517 2610; x_wconf 92' lang='lat' dir='ltr'>iu</span> <span class='ocrx_word' id='word_1_97' title='bbox 1536 2539 1697 2634; x_wconf 85' lang='lat' dir='ltr'>capitulo</span> <span class='ocrx_word' id='word_1_98' title='bbox 1714 2545 1862 2636; x_wconf 85' lang='lat' dir='ltr'>quaudo</span> 
     </span>
     <span class='ocr_line' id='line_1_13' title="bbox 503 2645 1863 2744; baseline 0.003 -23"><span class='ocrx_word' id='word_1_99' title='bbox 503 2649 623 2742; x_wconf 85' lang='lat' dir='ltr'>aliqua</span> <span class='ocrx_word' id='word_1_100' title='bbox 639 2649 765 2722; x_wconf 89' lang='lat' dir='ltr'>littera</span> <span class='ocrx_word' id='word_1_101' title='bbox 778 2645 894 2744; x_wconf 78' lang='lat' dir='ltr'>sigillo</span> <span class='ocrx_word' id='word_1_102' title='bbox 907 2651 1091 2722; x_wconf 90' lang='lat' dir='ltr'>communi</span> <span class='ocrx_word' id='word_1_103' title='bbox 1106 2646 1162 2722; x_wconf 90' lang='lat' dir='ltr'>est</span> <span class='ocrx_word' id='word_1_104' title='bbox 1175 2645 1366 2744; x_wconf 86' lang='lat' dir='ltr'>sigillanda</span> <span class='ocrx_word' id='word_1_105' title='bbox 1381 2659 1578 2722; x_wconf 86' lang='lat' dir='ltr'>tencantur</span> <span class='ocrx_word' id='word_1_106' title='bbox 1591 2649 1627 2722; x_wconf 90' lang='lat' dir='ltr'>se</span> <span class='ocrx_word' id='word_1_107' title='bbox 1640 2650 1863 2727; x_wconf 81' lang='lat' dir='ltr'>subscribere</span> 
     </span>
     <span class='ocr_line' id='line_1_14' title="bbox 503 2757 1861 2856; baseline 0.003 -24"><span class='ocrx_word' id='word_1_108' title='bbox 503 2772 542 2832; x_wconf 89' lang='lat' dir='ltr'>ct</span> <span class='ocrx_word' id='word_1_109' title='bbox 562 2761 658 2854; x_wconf 88' lang='lat' dir='ltr'>quod</span> <span class='ocrx_word' id='word_1_110' title='bbox 677 2760 800 2833; x_wconf 87' lang='lat' dir='ltr'>nullus</span> <span class='ocrx_word' id='word_1_111' title='bbox 818 2763 1013 2834; x_wconf 85' lang='lat' dir='ltr'>canonicus</span> <span class='ocrx_word' id='word_1_112' title='bbox 1039 2771 1196 2855; x_wconf 90' lang='lat' dir='ltr'>protunc</span> <span class='ocrx_word' id='word_1_113' title='bbox 1221 2757 1350 2832; x_wconf 80' lang='lat' dir='ltr'>absens</span> <span class='ocrx_word' id='word_1_114' title='bbox 1366 2761 1511 2854; x_wconf 87' lang='lat' dir='ltr'>quando</span> <span class='ocrx_word' id='word_1_115' title='bbox 1530 2761 1635 2856; x_wconf 90' lang='lat' dir='ltr'>super</span> <span class='ocrx_word' id='word_1_116' title='bbox 1651 2763 1716 2835; x_wconf 91' lang='lat' dir='ltr'>tali</span> <span class='ocrx_word' id='word_1_117' title='bbox 1737 2763 1861 2838; x_wconf 86' lang='lat' dir='ltr'>littera</span> 
     </span>
     <span class='ocr_line' id='line_1_15' title="bbox 502 2868 1737 2966; baseline 0.002 -24"><span class='ocrx_word' id='word_1_118' title='bbox 502 2875 612 2944; x_wconf 78' lang='lat' dir='ltr'>luerit</span> <span class='ocrx_word' id='word_1_119' title='bbox 630 2875 666 2942; x_wconf 92' lang='lat' dir='ltr'>iu</span> <span class='ocrx_word' id='word_1_120' title='bbox 685 2873 846 2966; x_wconf 85' lang='lat' dir='ltr'>capitulo</span> <span class='ocrx_word' id='word_1_121' title='bbox 863 2870 1072 2944; x_wconf 90' lang='lat' dir='ltr'>conclusum</span> <span class='ocrx_word' id='word_1_122' title='bbox 1092 2872 1228 2945; x_wconf 87' lang='lat' dir='ltr'>debeat</span> <span class='ocrx_word' id='word_1_123' title='bbox 1244 2869 1281 2943; x_wconf 89' lang='lat' dir='ltr'>se</span> <span class='ocrx_word' id='word_1_124' title='bbox 1299 2868 1518 2944; x_wconf 77' lang='lat' dir='ltr'>subscribere</span> <span class='ocrx_word' id='word_1_125' title='bbox 1536 2871 1600 2944; x_wconf 77' lang='lat' dir='ltr'>uisi</span> <span class='ocrx_word' id='word_1_126' title='bbox 1621 2874 1710 2945; x_wconf 77' lang='lat' dir='ltr'>velit</span> <span class='ocrx_word' id='word_1_127' title='bbox 1729 2915 1737 2932; x_wconf 94' lang='lat'><strong>·</strong></span> 
     </span>
    </p>
   </div>
   <div class='ocr_carea' id='block_1_6' title="bbox 872 3093 1489 3168">
    <p class='ocr_par' dir='ltr' id='par_1_6' title="bbox 872 3093 1489 3168">
     <span class='ocr_line' id='line_1_16' title="bbox 872 3093 1489 3168; baseline 0 -3"><span class='ocrx_word' id='word_1_128' title='bbox 872 3095 929 3167; x_wconf 82' lang='lat' dir='ltr'>lle</span> <span class='ocrx_word' id='word_1_129' title='bbox 947 3093 1113 3168; x_wconf 89' lang='lat' dir='ltr'>clausura</span> <span class='ocrx_word' id='word_1_130' title='bbox 1129 3105 1293 3167; x_wconf 89' lang='lat' dir='ltr'>ortorum</span> <span class='ocrx_word' id='word_1_131' title='bbox 1312 3097 1489 3166; x_wconf 85' lang='lat' dir='ltr'>canonic·</span> 
     </span>
    </p>
   </div>
   <div class='ocr_carea' id='block_1_7' title="bbox 496 3312 1857 4752">
    <p class='ocr_par' dir='ltr' id='par_1_7' title="bbox 496 3312 1857 4752">
     <span class='ocr_line' id='line_1_17' title="bbox 501 3312 1857 3414; baseline 0 -23"><span class='ocrx_word' id='word_1_132' title='bbox 501 3321 691 3391; x_wconf 84' lang='lat' dir='ltr'>Statutum</span> <span class='ocrx_word' id='word_1_133' title='bbox 710 3316 878 3412; x_wconf 88' lang='lat' dir='ltr'>estquod</span> <span class='ocrx_word' id='word_1_134' title='bbox 896 3340 1022 3390; x_wconf 84' lang='lat' dir='ltr'>murus</span> <span class='ocrx_word' id='word_1_135' title='bbox 1045 3316 1202 3390; x_wconf 85' lang='lat' dir='ltr'>borealis</span> <span class='ocrx_word' id='word_1_136' title='bbox 1219 3312 1333 3388; x_wconf 74' lang='lat' dir='ltr'>mansi</span> <span class='ocrx_word' id='word_1_137' title='bbox 1352 3316 1398 3388; x_wconf 90' lang='lat' dir='ltr'>de</span> <span class='ocrx_word' id='word_1_138' title='bbox 1417 3316 1627 3389; x_wconf 89' lang='lat' dir='ltr'>Morthlnch</span> <span class='ocrx_word' id='word_1_139' title='bbox 1647 3341 1711 3412; x_wconf 88' lang='lat' dir='ltr'>pro</span> <span class='ocrx_word' id='word_1_140' title='bbox 1730 3343 1857 3414; x_wconf 84' lang='lat' dir='ltr'>perpe-</span> 
     </span>
     <span class='ocr_line' id='line_1_18' title="bbox 500 3428 1856 3525; baseline 0 -23"><span class='ocrx_word' id='word_1_141' title='bbox 500 3446 564 3502; x_wconf 90' lang='lat' dir='ltr'>tuo</span> <span class='ocrx_word' id='word_1_142' title='bbox 582 3429 843 3504; x_wconf 88' lang='lat' dir='ltr'>sustentabitur</span> <span class='ocrx_word' id='word_1_143' title='bbox 858 3454 923 3525; x_wconf 90' lang='lat' dir='ltr'>pcr</span> <span class='ocrx_word' id='word_1_144' title='bbox 939 3430 1218 3523; x_wconf 88' lang='lat' dir='ltr'>prebendarium</span> <span class='ocrx_word' id='word_1_145' title='bbox 1237 3428 1398 3500; x_wconf 89' lang='lat' dir='ltr'>eiusdem</span> <span class='ocrx_word' id='word_1_146' title='bbox 1413 3469 1422 3485; x_wconf 91' lang='lat'><strong>·</strong></span> <span class='ocrx_word' id='word_1_147' title='bbox 1438 3440 1477 3500; x_wconf 89' lang='lat' dir='ltr'>et</span> <span class='ocrx_word' id='word_1_148' title='bbox 1494 3451 1620 3500; x_wconf 86' lang='lat' dir='ltr'>murus</span> <span class='ocrx_word' id='word_1_149' title='bbox 1637 3429 1792 3502; x_wconf 86' lang='lat' dir='ltr'>borealis</span> <span class='ocrx_word' id='word_1_150' title='bbox 1810 3431 1856 3502; x_wconf 89' lang='lat' dir='ltr'>dc</span> 
     </span>
     <span class='ocr_line' id='line_1_19' title="bbox 499 3538 1857 3636; baseline 0.001 -22"><span class='ocrx_word' id='word_1_151' title='bbox 499 3544 584 3615; x_wconf 88' lang='lat' dir='ltr'>Clot</span> <span class='ocrx_word' id='word_1_152' title='bbox 600 3540 864 3615; x_wconf 85' lang='lat' dir='ltr'>sustentabitur</span> <span class='ocrx_word' id='word_1_153' title='bbox 881 3565 944 3635; x_wconf 90' lang='lat' dir='ltr'>per</span> <span class='ocrx_word' id='word_1_154' title='bbox 961 3540 1241 3636; x_wconf 86' lang='lat' dir='ltr'>prebendarium</span> <span class='ocrx_word' id='word_1_155' title='bbox 1260 3538 1420 3611; x_wconf 88' lang='lat' dir='ltr'>eiusdem</span> <span class='ocrx_word' id='word_1_156' title='bbox 1440 3581 1449 3598; x_wconf 92' lang='lat'><strong>·</strong></span> <span class='ocrx_word' id='word_1_157' title='bbox 1469 3553 1507 3613; x_wconf 89' lang='lat' dir='ltr'>ct</span> <span class='ocrx_word' id='word_1_158' title='bbox 1526 3540 1573 3612; x_wconf 93' lang='lat' dir='ltr'>sic</span> <span class='ocrx_word' id='word_1_159' title='bbox 1590 3539 1857 3636; x_wconf 86' lang='lat' dir='ltr'>cousequenter</span> 
     </span>
     <span class='ocr_line' id='line_1_20' title="bbox 498 3649 1855 3748; baseline 0.001 -22"><span class='ocrx_word' id='word_1_160' title='bbox 498 3678 563 3748; x_wconf 88' lang='lat' dir='ltr'>per</span> <span class='ocrx_word' id='word_1_161' title='bbox 578 3655 869 3726; x_wconf 83' lang='lat' dir='ltr'>archidiaconum</span> <span class='ocrx_word' id='word_1_162' title='bbox 889 3665 925 3723; x_wconf 88' lang='lat' dir='ltr'>et</span> <span class='ocrx_word' id='word_1_163' title='bbox 945 3651 1204 3746; x_wconf 83' lang='lat' dir='ltr'>prebendarius</span> <span class='ocrx_word' id='word_1_164' title='bbox 1222 3649 1269 3722; x_wconf 89' lang='lat' dir='ltr'>de</span> <span class='ocrx_word' id='word_1_165' title='bbox 1282 3649 1424 3745; x_wconf 72' lang='lat' dir='ltr'>Otryne</span> <span class='ocrx_word' id='word_1_166' title='bbox 1441 3651 1487 3722; x_wconf 92' lang='lat' dir='ltr'>de</span> <span class='ocrx_word' id='word_1_167' title='bbox 1500 3652 1722 3747; x_wconf 79' lang='lat' dir='ltr'>Banqulrcry</span> <span class='ocrx_word' id='word_1_168' title='bbox 1740 3655 1855 3727; x_wconf 89' lang='lat' dir='ltr'>Crou-</span> 
     </span>
     <span class='ocr_line' id='line_1_21' title="bbox 498 3759 1852 3860; baseline 0.002 -24"><span class='ocrx_word' id='word_1_169' title='bbox 498 3767 591 3838; x_wconf 87' lang='lat' dir='ltr'>dunc</span> <span class='ocrx_word' id='word_1_170' title='bbox 621 3778 660 3838; x_wconf 91' lang='lat' dir='ltr'>et</span> <span class='ocrx_word' id='word_1_171' title='bbox 689 3765 790 3860; x_wconf 84' lang='lat' dir='ltr'>Deyr</span> <span class='ocrx_word' id='word_1_172' title='bbox 817 3802 827 3822; x_wconf 92' lang='lat'><strong>·</strong></span> <span class='ocrx_word' id='word_1_173' title='bbox 856 3763 905 3836; x_wconf 86' lang='lat' dir='ltr'>Et</span> <span class='ocrx_word' id='word_1_174' title='bbox 937 3761 1128 3834; x_wconf 81' lang='lat' dir='ltr'>Methlaclr</span> <span class='ocrx_word' id='word_1_175' title='bbox 1161 3759 1378 3834; x_wconf 86' lang='lat' dir='ltr'>sustentabit</span> <span class='ocrx_word' id='word_1_176' title='bbox 1412 3785 1556 3835; x_wconf 87' lang='lat' dir='ltr'>murum</span> <span class='ocrx_word' id='word_1_177' title='bbox 1592 3763 1776 3858; x_wconf 78' lang='lat' dir='ltr'>lapideum</span> <span class='ocrx_word' id='word_1_178' title='bbox 1807 3771 1852 3839; x_wconf 89' lang='lat' dir='ltr'>ad</span> 
     </span>
     <span class='ocr_line' id='line_1_22' title="bbox 497 3871 1855 3972; baseline 0 -22"><span class='ocrx_word' id='word_1_179' title='bbox 497 3902 628 3950; x_wconf 90' lang='lat' dir='ltr'>conum</span> <span class='ocrx_word' id='word_1_180' title='bbox 659 3879 843 3972; x_wconf 87' lang='lat' dir='ltr'>proprium</span> <span class='ocrx_word' id='word_1_181' title='bbox 871 3888 910 3948; x_wconf 89' lang='lat' dir='ltr'>ct</span> <span class='ocrx_word' id='word_1_182' title='bbox 934 3871 1117 3947; x_wconf 76' lang='lat' dir='ltr'>residuum</span> <span class='ocrx_word' id='word_1_183' title='bbox 1149 3872 1249 3946; x_wconf 88' lang='lat' dir='ltr'>illius</span> <span class='ocrx_word' id='word_1_184' title='bbox 1278 3875 1427 3968; x_wconf 85' lang='lat' dir='ltr'>parietis</span> <span class='ocrx_word' id='word_1_185' title='bbox 1456 3876 1656 3968; x_wconf 90' lang='lat' dir='ltr'>pertinebit</span> <span class='ocrx_word' id='word_1_186' title='bbox 1680 3878 1726 3948; x_wconf 90' lang='lat' dir='ltr'>ad</span> <span class='ocrx_word' id='word_1_187' title='bbox 1753 3901 1855 3951; x_wconf 89' lang='lat' dir='ltr'>coru·</span> 
     </span>
     <span class='ocr_line' id='line_1_23' title="bbox 497 3984 1850 4083; baseline -0.001 -20"><span class='ocrx_word' id='word_1_188' title='bbox 497 3994 659 4063; x_wconf 87' lang='lat' dir='ltr'>muniam</span> <span class='ocrx_word' id='word_1_189' title='bbox 672 3989 822 4083; x_wconf 90' lang='lat' dir='ltr'>capituli</span> <span class='ocrx_word' id='word_1_190' title='bbox 842 3987 952 4080; x_wconf 80' lang='lat' dir='ltr'>usque</span> <span class='ocrx_word' id='word_1_191' title='bbox 969 3987 1013 4058; x_wconf 91' lang='lat' dir='ltr'>ad</span> <span class='ocrx_word' id='word_1_192' title='bbox 1032 4008 1165 4056; x_wconf 90' lang='lat' dir='ltr'>conum</span> <span class='ocrx_word' id='word_1_193' title='bbox 1184 4006 1298 4080; x_wconf 90' lang='lat' dir='ltr'>prope</span> <span class='ocrx_word' id='word_1_194' title='bbox 1315 3984 1435 4058; x_wconf 86' lang='lat' dir='ltr'>lacum</span> <span class='ocrx_word' id='word_1_195' title='bbox 1449 4027 1458 4044; x_wconf 91' lang='lat'><strong>·</strong></span> <span class='ocrx_word' id='word_1_196' title='bbox 1470 3997 1508 4057; x_wconf 89' lang='lat' dir='ltr'>et</span> <span class='ocrx_word' id='word_1_197' title='bbox 1522 3986 1850 4081; x_wconf 82' lang='lat' dir='ltr'>Turrcsl&#39;parietem</span> 
     </span>
     <span class='ocr_line' id='line_1_24' title="bbox 496 4095 1851 4196; baseline 0.001 -23"><span class='ocrx_word' id='word_1_198' title='bbox 496 4098 725 4196; x_wconf 89' lang='lat' dir='ltr'>interipsum</span> <span class='ocrx_word' id='word_1_199' title='bbox 743 4115 782 4172; x_wconf 88' lang='lat' dir='ltr'>et</span> <span class='ocrx_word' id='word_1_200' title='bbox 801 4097 991 4172; x_wconf 83' lang='lat' dir='ltr'>llletlrlacb</span> <span class='ocrx_word' id='word_1_201' title='bbox 1012 4136 1020 4155; x_wconf 92' lang='lat'><strong>·</strong></span> <span class='ocrx_word' id='word_1_202' title='bbox 1040 4095 1292 4189; x_wconf 82' lang='lat' dir='ltr'>Innernoclrty</span> <span class='ocrx_word' id='word_1_203' title='bbox 1304 4097 1403 4167; x_wconf 90' lang='lat' dir='ltr'>inter</span> <span class='ocrx_word' id='word_1_204' title='bbox 1419 4095 1532 4192; x_wconf 85' lang='lat' dir='ltr'>ipsum</span> <span class='ocrx_word' id='word_1_205' title='bbox 1551 4110 1590 4170; x_wconf 91' lang='lat' dir='ltr'>et</span> <span class='ocrx_word' id='word_1_206' title='bbox 1615 4097 1766 4171; x_wconf 75' lang='lat' dir='ltr'>Turresl&#39;</span> <span class='ocrx_word' id='word_1_207' title='bbox 1784 4143 1794 4160; x_wconf 92' lang='lat'><strong>·</strong></span> <span class='ocrx_word' id='word_1_208' title='bbox 1813 4117 1851 4175; x_wconf 88' lang='lat' dir='ltr'>et</span> 
     </span>
     <span class='ocr_line' id='line_1_25' title="bbox 497 4206 1850 4305; baseline 0.001 -21"><span class='ocrx_word' id='word_1_209' title='bbox 497 4235 622 4285; x_wconf 88' lang='lat' dir='ltr'>murus</span> <span class='ocrx_word' id='word_1_210' title='bbox 639 4235 711 4305; x_wconf 89' lang='lat' dir='ltr'>quo</span> <span class='ocrx_word' id='word_1_211' title='bbox 734 4215 809 4284; x_wconf 92' lang='lat' dir='ltr'>itur</span> <span class='ocrx_word' id='word_1_212' title='bbox 831 4212 877 4285; x_wconf 89' lang='lat' dir='ltr'>ud</span> <span class='ocrx_word' id='word_1_213' title='bbox 904 4209 1022 4282; x_wconf 86' lang='lat' dir='ltr'>lacurn</span> <span class='ocrx_word' id='word_1_214' title='bbox 1049 4231 1115 4303; x_wconf 88' lang='lat' dir='ltr'>per</span> <span class='ocrx_word' id='word_1_215' title='bbox 1140 4207 1278 4280; x_wconf 76' lang='lat' dir='ltr'>limites</span> <span class='ocrx_word' id='word_1_216' title='bbox 1294 4207 1341 4280; x_wconf 93' lang='lat' dir='ltr'>de</span> <span class='ocrx_word' id='word_1_217' title='bbox 1359 4206 1607 4302; x_wconf 77' lang='lat' dir='ltr'>Inuernochty</span> <span class='ocrx_word' id='word_1_218' title='bbox 1625 4213 1788 4303; x_wconf 83' lang='lat' dir='ltr'>pertinet</span> <span class='ocrx_word' id='word_1_219' title='bbox 1805 4216 1850 4286; x_wconf 89' lang='lat' dir='ltr'>ud</span> 
     </span>
     <span class='ocr_line' id='line_1_26' title="bbox 497 4318 1849 4418; baseline 0.001 -22"><span class='ocrx_word' id='word_1_220' title='bbox 497 4325 741 4397; x_wconf 88' lang='lat' dir='ltr'>communium</span> <span class='ocrx_word' id='word_1_221' title='bbox 768 4322 918 4418; x_wconf 90' lang='lat' dir='ltr'>capituli</span> <span class='ocrx_word' id='word_1_222' title='bbox 936 4360 946 4379; x_wconf 89' lang='lat'><strong>·</strong></span> <span class='ocrx_word' id='word_1_223' title='bbox 967 4320 1062 4392; x_wconf 89' lang='lat' dir='ltr'>ltem</span> <span class='ocrx_word' id='word_1_224' title='bbox 1090 4318 1354 4414; x_wconf 77' lang='lat' dir='ltr'>prebendarius</span> <span class='ocrx_word' id='word_1_225' title='bbox 1370 4319 1417 4390; x_wconf 93' lang='lat' dir='ltr'>dc</span> <span class='ocrx_word' id='word_1_226' title='bbox 1434 4318 1614 4416; x_wconf 80' lang='lat' dir='ltr'>Balheluy</span> <span class='ocrx_word' id='word_1_227' title='bbox 1631 4318 1849 4398; x_wconf 85' lang='lat' dir='ltr'>sustentabit</span> 
     </span>
     <span class='ocr_line' id='line_1_27' title="bbox 497 4428 1853 4532; baseline 0.002 -25"><span class='ocrx_word' id='word_1_228' title='bbox 497 4439 673 4532; x_wconf 84' lang='lat' dir='ltr'>parietem</span> <span class='ocrx_word' id='word_1_229' title='bbox 687 4433 808 4507; x_wconf 82' lang='lat' dir='ltr'>versus</span> <span class='ocrx_word' id='word_1_230' title='bbox 820 4435 914 4506; x_wconf 84' lang='lat' dir='ltr'>riam</span> <span class='ocrx_word' id='word_1_231' title='bbox 932 4434 1069 4528; x_wconf 85' lang='lat' dir='ltr'>regiam</span> <span class='ocrx_word' id='word_1_232' title='bbox 1087 4454 1153 4526; x_wconf 93' lang='lat' dir='ltr'>pro</span> <span class='ocrx_word' id='word_1_233' title='bbox 1171 4444 1276 4526; x_wconf 81' lang='lat' dir='ltr'>porte</span> <span class='ocrx_word' id='word_1_234' title='bbox 1291 4428 1360 4504; x_wconf 88' lang='lat' dir='ltr'>sibi</span> <span class='ocrx_word' id='word_1_235' title='bbox 1374 4434 1602 4528; x_wconf 87' lang='lat' dir='ltr'>contingenti</span> <span class='ocrx_word' id='word_1_236' title='bbox 1616 4472 1625 4491; x_wconf 93' lang='lat'><strong>·</strong></span> <span class='ocrx_word' id='word_1_237' title='bbox 1639 4446 1679 4505; x_wconf 88' lang='lat' dir='ltr'>et</span> <span class='ocrx_word' id='word_1_238' title='bbox 1695 4437 1853 4528; x_wconf 85' lang='lat' dir='ltr'>preben-</span> 
     </span>
     <span class='ocr_line' id='line_1_28' title="bbox 496 4539 1849 4639; baseline 0.002 -19"><span class='ocrx_word' id='word_1_239' title='bbox 496 4550 616 4620; x_wconf 87' lang='lat' dir='ltr'>darius</span> <span class='ocrx_word' id='word_1_240' title='bbox 637 4547 684 4618; x_wconf 89' lang='lat' dir='ltr'>de</span> <span class='ocrx_word' id='word_1_241' title='bbox 701 4545 838 4618; x_wconf 89' lang='lat' dir='ltr'>Forbes</span> <span class='ocrx_word' id='word_1_242' title='bbox 862 4568 927 4639; x_wconf 91' lang='lat' dir='ltr'>pro</span> <span class='ocrx_word' id='word_1_243' title='bbox 952 4553 1057 4638; x_wconf 88' lang='lat' dir='ltr'>purte</span> <span class='ocrx_word' id='word_1_244' title='bbox 1083 4539 1147 4616; x_wconf 87' lang='lat' dir='ltr'>srbi</span> <span class='ocrx_word' id='word_1_245' title='bbox 1175 4543 1406 4638; x_wconf 83' lang='lat' dir='ltr'>contingenti</span> <span class='ocrx_word' id='word_1_246' title='bbox 1431 4540 1647 4615; x_wconf 83' lang='lat' dir='ltr'>sustentabit</span> <span class='ocrx_word' id='word_1_247' title='bbox 1671 4549 1849 4638; x_wconf 88' lang='lat' dir='ltr'>purietem</span> 
     </span>
     <span class='ocr_line' id='line_1_29' title="bbox 497 4651 1850 4752; baseline 0.005 -25"><span class='ocrx_word' id='word_1_248' title='bbox 497 4657 617 4731; x_wconf 81' lang='lat' dir='ltr'>uersus</span> <span class='ocrx_word' id='word_1_249' title='bbox 644 4661 739 4729; x_wconf 85' lang='lat' dir='ltr'>viam</span> <span class='ocrx_word' id='word_1_250' title='bbox 770 4658 904 4752; x_wconf 79' lang='lat' dir='ltr'>regiain</span> <span class='ocrx_word' id='word_1_251' title='bbox 935 4667 1023 4728; x_wconf 82' lang='lat' dir='ltr'>onte</span> <span class='ocrx_word' id='word_1_252' title='bbox 1050 4665 1090 4728; x_wconf 91' lang='lat' dir='ltr'>et</span> <span class='ocrx_word' id='word_1_253' title='bbox 1120 4667 1254 4727; x_wconf 90' lang='lat' dir='ltr'>retro·</span> <span class='ocrx_word' id='word_1_254' title='bbox 1280 4651 1332 4726; x_wconf 82' lang='lat' dir='ltr'>Et</span> <span class='ocrx_word' id='word_1_255' title='bbox 1361 4651 1602 4727; x_wconf 72' lang='lat' dir='ltr'>thesaurarius</span> <span class='ocrx_word' id='word_1_256' title='bbox 1630 4653 1850 4734; x_wconf 83' lang='lat' dir='ltr'>sustentabit</span> 
     </span>
    </p>
   </div>
   <div class='ocr_carea' id='block_1_8' title="bbox 0 0 2310 5964">
    <p class='ocr_par' dir='ltr' id='par_1_8' title="bbox 0 0 2310 5964">
     <span class='ocr_line' id='line_1_30' title="bbox 0 0 2310 5964; baseline 0 0"><span class='ocrx_word' id='word_1_257' title='bbox 0 0 2310 5964; x_wconf 95' lang='lat' dir='ltr'> </span> 
     </span>
    </p>
   </div>
  </div>
 </body>
</html>
