4564 5968
470 576 540 648 164
983 568 1291 644 REGISTRUM
1654 573 1807 670 [secum

521 883 591 956 litii
608 883 755 981 saphiris
780 882 912 956 deinde
929 881 969 949 in
985 876 1095 971 plano
1106 877 1124 970 j
1143 874 1214 946 litii
1230 883 1375 970 garnat-

471 994 516 1068 In
534 1007 663 1089 quarto
681 997 715 1069 le
732 996 821 1068 vche
839 995 876 1065 in
894 988 1015 1060 medio
1031 1011 1055 1060 a
1069 998 1152 1084 gret
1168 996 1297 1083 garnat
1314 987 1362 1080 iiij
1379 987 1481 1058 midil
1502 993 1663 1084 garnatis
1679 993 1718 1086 iij
1736 993 1805 1064 litii

519 1107 668 1204 saphiris
685 1120 724 1180 et
740 1131 762 1180 a
777 1105 849 1178 litii
865 1110 995 1198 gamat
1012 1109 1052 1172 et
1069 1102 1108 1172 in
1132 1097 1241 1195 plano
1257 1100 1284 1195 ij
1302 1097 1369 1171 litii
1385 1101 1547 1194 garnmh
1564 1141 1574 1158 ·

471 1218 568 1294 Item
593 1224 632 1293 in
649 1221 777 1313 quinto
789 1216 825 1288 ie
843 1213 933 1286 vehe
951 1235 973 1282 a
989 1221 1093 1305 parte
1105 1221 1191 1285 ante
1207 1235 1231 1284 a
1245 1222 1326 1309 gret
1341 1208 1457 1305 hphir
1474 1212 1512 1304 iij
1528 1213 1630 1284 midil
1647 1217 1806 1308 garnatis

521 1343 560 1404 et
577 1333 627 1424 iiij
641 1331 727 1403 litill
743 1327 892 1422 saphiris
909 1323 1042 1394 deinde
1059 1325 1097 1394 in
1115 1323 1223 1418 piano
1239 1326 1263 1418 ij
1282 1323 1350 1398 litii
1364 1325 1525 1419 garnatis
1535 1324 1669 1396 deinde
1685 1327 1724 1396 in
1740 1327 1807 1398 oir-

521 1444 759 1516 cumfereutia
775 1445 911 1533 aparte
927 1444 1015 1507 ante
1033 1434 1194 1509 eiusdem
1207 1436 1329 1509 lateris
1344 1474 1353 1493 ·
1369 1433 1432 1527 xiij
1451 1432 1524 1505 litii
1536 1435 1696 1530 gematis
1721 1447 1758 1508 et
1785 1461 1806 1506 a

518 1565 600 1650 gret
610 1553 701 1644 ruby
717 1550 830 1624 balias
847 1550 885 1619 in
902 1545 1024 1618 medio
1041 1557 1081 1619 ct
1099 1549 1151 1620 xii
1169 1547 1240 1620 litii
1257 1547 1401 1644 saphiris
1418 1557 1458 1617 et
1471 1568 1494 1617 a
1504 1556 1588 1641 gret
1604 1543 1744 1639 saphire
1764 1587 1772 1603 ·

471 1666 566 1738 Item
590 1667 628 1736 in
649 1663 684 1734 le
700 1660 837 1756 gaweie
860 1683 883 1730 a
900 1667 1003 1752 parte
1020 1658 1150 1732 dextra
1173 1669 1213 1732 et
1237 1684 1261 1733 a
1283 1671 1381 1754 parte
1398 1669 1484 1730 aute
1503 1658 1550 1753 vij
1569 1657 1641 1731 litii
1659 1654 1805 1752 saphiris

519 1777 604 1868 etvj
624 1773 694 1846 litil
709 1773 868 1867 garnatis
885 1809 894 1828 ·

471 1887 568 1960 item
585 1887 623 1956 in
648 1884 682 1955 le
707 1881 850 1980 gewilic
864 1883 905 1980 iu
923 1876 1071 1954 senistra
1082 1893 1187 1977 parte
1202 1894 1290 1957 ante
1305 1880 1458 1956 eiusdem
1478 1884 1604 1958 lateris
1621 1923 1630 1940 ·
1650 1883 1697 1976 vij
1716 1880 1802 1954 iitiil

517 1993 665 2091 saphiris
682 2005 720 2067 et
738 1995 771 2088 vj
789 1992 859 2064 litii
877 1995 1038 2088 gerdah
1056 2033 1065 2050 ·

470 2109 566 2181 Item
591 2109 628 2179 iu
642 2105 849 2179 summitate
865 2106 975 2178 mitre
993 2107 1031 2176 in
1048 2114 1152 2197 parte
1165 2101 1346 2200 posteriori
1368 2109 1431 2202 xiij
1458 2106 1591 2202 periise
1607 2109 1704 2182 eirea
1719 2131 1804 2181 auu·

520 2221 672 2316 miling·

469 2335 565 2408 Item
591 2335 628 2404 in
653 2331 947 2406 circumferencia
972 2327 1215 2402 discendendo
1241 2330 1280 2402 in
1304 2331 1429 2402 dextra
1445 2343 1550 2424 parts
1575 2330 1735 2404 ciusdem
1753 2333 1803 2404 is·

517 2446 605 2520 teris
621 2446 672 2538 xij
691 2443 762 2515 litii
777 2439 939 2538 gematis
956 2451 997 2514 et
1021 2441 1073 2534 xij
1092 2439 1164 2512 litii
1181 2437 1329 2535 saphiris
1343 2450 1380 2512 et
1394 2441 1454 2533 viij
1472 2462 1657 2534 pavones·

469 2557 565 2631 Item
592 2559 629 2629 iu
655 2554 946 2628 circumferentia
970 2551 1212 2626 discendendo
1230 2553 1268 2624 iu
1286 2547 1428 2624 senistra
1444 2563 1549 2645 parte
1566 2555 1616 2646 xij
1635 2551 1707 2625 litii
1723 2577 1802 2648 gnr-

517 2671 613 2742 uatis
629 2679 669 2741 et
685 2668 735 2760 xij
754 2664 825 2737 litii
842 2661 995 2757 saphiris
1012 2674 1053 2738 et
1066 2664 1127 2758 viij
1145 2663 1294 2759 paeokis
1311 2703 1321 2720 ·
1563 2728 1566 2736 .

468 2781 564 2855 stem
590 2781 628 2850 in
653 2789 755 2872 parte
778 2776 990 2871 triangulari
1017 2774 1147 2847 dextre
1171 2775 1282 2868 partis
1304 2772 1459 2846 eiusdem
1478 2799 1528 2846 xv
1554 2774 1626 2847 litii
1642 2779 1800 2872 gematis

516 2905 556 2964 ct
570 2912 620 2962 xv
632 2887 703 2960 litil
717 2885 867 2980 saphiris
884 2925 894 2942 ·

468 3005 563 3077 Item
577 3004 614 3072 in
628 2998 837 3094 triangulari
851 2991 999 3068 scnistre
1012 2997 1127 3092 partis
1137 2993 1296 3068 eiusdem
1310 3037 1318 3052 ·
1331 2998 1389 3090 xvj
1408 2998 1491 3070 litiii
1505 3002 1667 3096 garnatis
1683 3011 1722 3072 ct
1739 3001 1798 3092 xvj

516 3111 587 3186 litil
603 3109 755 3204 saphiris
772 3149 781 3166 ·

467 3223 563 3300 Item
582 3225 618 3296 in
636 3221 800 3316 suprema
817 3217 851 3290 ie
866 3219 956 3290 ucho
973 3217 1216 3293 discendendo
1233 3241 1299 3314 per
1315 3221 1470 3292 medium
1489 3223 1526 3293 in
1545 3224 1666 3296 medio
1682 3234 1799 3320 aguet

514 3348 643 3434 gamat
660 3334 698 3428 iij
717 3331 816 3404 midii
842 3333 1003 3426 gematis
1020 3347 1058 3406 ct
1076 3333 1114 3426 iij
1134 3330 1206 3405 litii
1223 3329 1368 3426 saphiris
1393 3344 1431 3404 ct
1448 3329 1577 3407 subtus
1593 3335 1662 3408 hoc
1679 3336 1704 3430 ij
1729 3333 1797 3409 litii

513 3447 696 3546 gematis·

466 3562 561 3636 Item
580 3561 617 3632 in
634 3563 678 3650 pe
695 3554 849 3628 secundo
867 3555 958 3628 uehe
975 3557 1013 3628 iu
1031 3557 1152 3630 medio
1176 3567 1295 3651 agrct
1311 3553 1425 3652 saphir
1439 3557 1493 3652 iiij
1511 3557 1614 3630 midil
1639 3563 1797 3654 gematis

514 3685 554 3746 ct
570 3669 620 3763 iiij
640 3667 708 3741 litii
723 3663 870 3762 saphiris
887 3678 927 3739 et
943 3665 1071 3741 subtus
1088 3668 1157 3742 hoe
1170 3668 1194 3761 ij
1213 3666 1284 3740 litii
1300 3668 1456 3763 garnstis
1473 3721 1482 3738 .

465 3785 560 3860 Item
580 3783 616 3854 in
633 3780 746 3852 tertio
760 3777 794 3850 le
812 3777 901 3851 vche
920 3779 957 3850 in
976 3779 1097 3852 medio
1113 3802 1136 3853 a
1152 3791 1234 3875 gret
1249 3791 1374 3876 gamat
1391 3781 1441 3873 iiij
1460 3781 1563 3854 suidii
1581 3784 1742 3878 garustis
1757 3799 1795 3856 ct

511 3895 564 3988 iiij
583 3889 654 3965 iitil
673 3887 821 3983 saphiris
847 3927 856 3946 ·
880 3929 890 3948 ·
916 3929 925 3947 ·
954 3930 962 3949 ·
989 3890 1059 3964 hoe
1076 3891 1101 3984 ij
1120 3889 1189 3963 litii
1206 3893 1389 3987 garnatis·

464 4008 560 4082 Item
578 4007 615 4078 in
632 4013 760 4096 quarto
786 3999 820 4073 ie
838 4001 927 4074 vche
939 4003 957 4098 j
973 4013 1057 4098 gret
1072 3999 1191 4096 saphir
1215 4003 1266 4096 iiij
1284 4001 1381 4076 midii
1397 4007 1577 4100 garnattis
1593 4019 1631 4080 ct
1656 4009 1706 4102 iiij
1726 4005 1794 4080 litii

512 4115 660 4213 saphiris
672 4123 711 4186 et
726 4109 852 4185 subtus
870 4113 939 4186 boe
956 4114 980 4208 ij
999 4111 1071 4186 iitil
1087 4115 1288 4212 garnattis·

464 4233 560 4306 Item
573 4228 611 4301 in
628 4235 730 4322 parte
743 4223 952 4320 triangulari
971 4226 1101 4298 dextre
1113 4227 1225 4320 partis
1241 4223 1394 4299 ciusdem
1408 4227 1532 4304 lateris
1548 4231 1655 4306 alitil
1666 4247 1793 4330 gamat

512 4353 551 4417 et
577 4337 702 4414 subtus
727 4336 795 4410 hoo
812 4345 931 4432 agrct
953 4335 1046 4410 vche
1071 4337 1110 4410 in
1134 4339 1238 4412 cuius
1262 4337 1376 4412 medio
1392 4363 1414 4414 a
1429 4355 1512 4438 gret
1537 4356 1667 4440 gamat
1692 4359 1733 4420 et
1759 4347 1793 4440 vj

509 4449 634 4528 midiie
650 4448 809 4546 gematis
826 4456 865 4520 st
883 4443 1011 4522 subtus
1027 4445 1096 4522 hoe
1114 4449 1138 4544 ij
1153 4447 1252 4523 small
1269 4453 1445 4546 gematis·
