4556 5980
472 739 540 804 138
994 731 1296 807 REGISTRUM
1651 735 1802 829 [secem

470 955 561 1004 vnus
571 958 710 1030 pannus
723 938 768 1008 ad
785 938 932 1007 modurn
946 932 1050 1000 nnius
1062 923 1210 999 matrell
1219 928 1276 1000 vel
1289 930 1452 1022 bautkyn
1472 931 1555 1000 roth
1573 933 1618 1002 ad
1636 931 1802 1004 decorem

469 1055 506 1116 et
524 1058 775 1119 ornamentum
793 1046 913 1140 magni
932 1041 1054 1113 altaris
1080 1050 1118 1110 et
1144 1039 1240 1110 chori
1257 1049 1296 1110 et
1314 1037 1367 1112 est
1384 1063 1525 1134 pannus
1548 1041 1657 1134 blnuij
1675 1041 1803 1113 eoloris

469 1181 551 1231 cnm
569 1156 656 1232 rofis
672 1160 762 1232 albis
778 1156 940 1228 inmixtis
958 1175 1022 1247 per
1040 1161 1158 1222 totum
1177 1149 1206 1244 ·]

836 1425 1080 1498 Onnrnnnrn
1107 1447 1230 1498 rraenr
1257 1446 1438 1497 aerinis·

467 1607 509 1678 In
529 1607 654 1701 primis
670 1628 734 1699 pro
751 1624 879 1694 magno
896 1601 1002 1673 altari
1028 1605 1186 1696 quinque
1202 1625 1333 1696 mappa
1349 1625 1432 1674 curn
1451 1611 1609 1692 quatuor
1626 1599 1802 1694 spondali-

515 1719 582 1788 bus
613 1736 762 1809 quarum
780 1723 853 1782 tres
872 1709 954 1782 sunt
979 1714 1024 1784 de
1048 1713 1232 1808 Dornwyk
1261 1756 1269 1772 ·
1300 1723 1340 1786 et
1357 1713 1427 1786 due
1445 1713 1520 1785 tele
1538 1713 1613 1785 late
1643 1753 1651 1770 ·
1685 1711 1800 1808 [Item

515 1851 627 1900 vnum
644 1824 809 1919 mappale
826 1846 871 1894 ex
889 1823 984 1894 dono
1000 1824 1201 1898 Christiane
1218 1825 1321 1898 Marr
1337 1823 1365 1918 ·]

466 1940 561 2013 Item
581 1961 651 2009 vna
667 1961 777 2032 parua
794 1937 896 2028 pecie
912 1936 958 2008 de
975 1937 1117 2033 hanygo
1135 1978 1143 1995 ·
1162 1936 1258 2008 Item
1277 1937 1347 2010 due
1365 1936 1584 2031 pendicule·

464 2051 561 2123 Item
588 2050 659 2120 due
692 2057 903 2141 manuterge
929 2048 974 2120 de
1000 2048 1175 2120 Dornwilr
1206 2045 1406 2142 consumpt’
1433 2089 1441 2106 ·
1469 2047 1567 2121 Item
1603 2072 1673 2120 vna
1698 2052 1800 2142 pecie

513 2161 558 2234 de
572 2159 700 2232 Burrel
717 2183 780 2253 pro
798 2162 1022 2253 coopertorio
1040 2201 1047 2216 ·

463 2275 559 2346 Item
578 2295 669 2343 vnns
686 2294 824 2366 pannus
841 2272 886 2344 de
903 2272 1033 2345 blaueo
1049 2294 1113 2365 pro
1130 2271 1313 2343 ferialibus
1329 2273 1457 2345 diebus
1476 2313 1484 2328 ·

465 2386 559 2458 Item
585 2385 655 2456 alia
680 2407 809 2477 rnappa
836 2384 880 2454 ad
911 2405 1082 2479 magnum
1111 2381 1224 2452 altare
1252 2405 1333 2453 eum
1366 2385 1512 2456 frontali
1549 2382 1688 2478 lignato
1715 2386 1799 2456 Aue

511 2494 625 2570 Jhesu
643 2509 682 2568 et
699 2495 819 2568 Maria
836 2535 845 2551 ·

462 2611 559 2684 Item
576 2609 622 2682 ad
646 2607 761 2680 altare
785 2604 893 2680 sanet
918 2605 1096 2678 Iohannis
1121 2602 1349 2700 ewangeliste
1374 2606 1398 2697 ij
1424 2605 1605 2698 mappalia
1631 2628 1677 2678 ex
1704 2606 1798 2677 dono

513 2724 702 2818 Lyehtone
718 2718 905 2814 cancelarij
924 2759 933 2777 ·

463 2836 560 2908 Item
590 2835 634 2908 ad
664 2833 777 2906 altare
804 2830 911 2904 santti
943 2830 1121 2903 Columbe
1154 2829 1226 2900 dno
1253 2828 1431 2922 mappalia
1461 2852 1509 2900 ex
1539 2830 1633 2900 dono
1668 2829 1798 2924 Rynde

511 2945 717 3037 thesaurarij
735 2985 743 3001 ·

464 3059 558 3130 Item
585 3067 739 3150 quatuor
765 3056 863 3147 petio
889 3055 934 3124 ‹le
959 3051 1113 3125 fnstiane
1139 3074 1202 3144 pro
1228 3062 1391 3145 tempore
1416 3051 1687 3148 quadragesime
1713 3078 1795 3126 eum

513 3169 677 3243 crucibus
696 3168 831 3260 nigris·

463 3284 559 3355 Item
577 3283 735 3374 quinque
752 3279 851 3372 petie
867 3276 913 3347 de
930 3277 1034 3348 viridi
1052 3277 1211 3370 matylll·

463 3396 558 3467 Item
576 3405 650 3464 tres
666 3393 763 3485 petie
780 3390 826 3460 ‹Ie
843 3386 1049 3481 Clrarbukyl
1068 3411 1113 3460 ex
1132 3389 1226 3458 dono
1243 3387 1398 3481 episcopi
1417 3388 1618 3461 Alexandri
1637 3431 1645 3446 ·

462 3509 558 3580 Item
576 3507 600 3598 ij
618 3507 715 3598 petie
740 3505 785 3574 do
810 3500 892 3573 albo
909 3524 990 3572 eum
1009 3501 1116 3573 armis
1144 3501 1277 3570 ‹lomini
1305 3503 1399 3595 regis
1424 3498 1549 3572 Scotie
1575 3525 1638 3594 per
1654 3502 1796 3575 Gilber·

510 3631 589 3691 tum
607 3612 809 3710 episcopum
826 3651 835 3668 ·

461 3733 556 3804 Item
583 3741 657 3801 tres
686 3727 783 3822 petio
800 3726 845 3797 de
862 3721 1030 3820 apostolis
1056 3725 1129 3797 tele
1154 3724 1227 3796 late
1252 3725 1346 3817 pi&
1371 3746 1436 3818 per
1461 3724 1648 3796 dominum
1674 3725 1793 3800 Dauid

510 3843 713 3916 Retlroman
732 3879 740 3896 ·

461 3957 556 4029 Item
575 3955 598 4048 ij
618 3952 719 4046 Raya
733 3963 945 4044 manuterge
962 3973 1026 4044 pro
1043 3973 1173 4045 magno
1189 3948 1293 4020 altari
1311 3949 1349 4020 in
1367 3947 1496 4020 diebus
1514 3945 1677 4021 festinis·

461 4069 556 4141 Item
582 4066 607 4158 ij
633 4057 798 4136 enrtillr'e
823 4061 869 4131 de
897 4058 1008 4134 serieo
1034 4062 1135 4132 viridi
1164 4083 1227 4154 pro
1256 4080 1389 4155 magno
1413 4057 1519 4131 altari
1546 4083 1697 4152 quarum
1725 4087 1794 4135 rna

505 4175 559 4252 est
584 4176 677 4250 l'assa
691 4195 773 4245 eum
792 4171 934 4244 vexillis
950 4172 1143 4265 etreliqua
1158 4179 1322 4244 remanet
1339 4209 1348 4228 ·

460 4295 555 4366 Item
573 4298 726 4383 quatuor
741 4281 938 4378 corporalia
954 4306 1036 4356 enm
1054 4294 1208 4376 quatuor
1223 4278 1351 4354 casulis
1369 4323 1378 4339 ·

459 4407 555 4478 Item
573 4410 727 4495 quatuor
741 4393 938 4490 corporalia
953 4393 1039 4466 deta
1048 4393 1307 4488 perdominnm
1325 4391 1558 4488 Ingeramnrn
1573 4393 1793 4490 episcopum·

459 4519 555 4590 Item
572 4533 684 4584 vnum
700 4505 882 4602 corporale
898 4505 944 4578 ed
961 4503 1074 4578 altare
1101 4505 1199 4578 beati
1224 4501 1404 4578 Iohannis
1429 4529 1474 4579 ex
1503 4507 1598 4580 dono
1624 4505 1790 4582 Dunoani

510 4623 696 4722 Lyehtone
713 4616 915 4709 caneellarij
933 4653 942 4674 ·
