4564 5968
492 727 560 791 144
1005 715 1310 793 REGISTRUM
1673 714 1822 811 [secum

540 921 605 994 bus
631 926 726 998 beati
753 923 936 996 Edmundi
966 915 1219 1012 archiepiscopi
1246 926 1285 986 et
1313 915 1507 1008 exponitur
1531 935 1596 1006 per
1620 912 1823 1008 episcopum

540 1032 737 1109 Heurioum
763 1039 809 1111 de
835 1036 1002 1131 Lychtou
1018 1053 1083 1127 pro
1101 1029 1335 1101 deauratione
1352 1026 1399 1098 de
1417 1024 1556 1117 lapede
1573 1020 1678 1096 castri
1696 1026 1826 1099 eucba·

539 1143 637 1222 ristie
654 1151 725 1222 dat'
741 1173 805 1244 per
821 1151 957 1221 dietum
975 1145 1161 1217 dominum
1178 1136 1385 1234 episcopum
1404 1173 1413 1192 ·

492 1255 587 1329 Item
607 1283 697 1332 unus
723 1261 853 1333 anulus
878 1268 1072 1356 argenteus
1095 1277 1178 1327 cum
1205 1252 1325 1345 lapide
1352 1251 1398 1321 de
1423 1247 1614 1342 columpna
1642 1249 1748 1321 datus
1764 1273 1828 1344 per

542 1369 736 1444 Nicolaum
754 1369 933 1465 Lylsuris·

493 1479 589 1553 Item
607 1507 698 1555 vuus
714 1484 843 1556 anulus
860 1495 1054 1578 argenteus
1070 1501 1154 1553 cum
1173 1477 1293 1571 lapide
1311 1474 1483 1569 quadrato
1501 1471 1629 1543 coloris
1645 1473 1747 1544 rubei
1765 1515 1774 1530 ·

494 1591 589 1666 Item
620 1617 710 1666 unus
740 1594 870 1668 anulus
902 1616 1032 1666 aureus
1066 1615 1149 1664 cum
1180 1589 1301 1684 lupide
1330 1587 1376 1659 de
1403 1584 1594 1678 columpna
1622 1583 1730 1656 datus
1762 1608 1826 1680 per

543 1703 694 1778 Elenam
712 1707 758 1778 de
776 1704 942 1798 Lycbton
961 1743 969 1760 ·

494 1814 588 1887 Item
606 1815 695 1909 lapis
708 1812 853 1888 cristalli
871 1818 908 1886 iu
925 1825 1076 1909 argento
1095 1825 1287 1907 coopertus
1305 1853 1314 1869 ·

493 1925 588 1998 Item
607 1949 676 1998 vua
692 1929 784 2019 pixis
802 1925 961 1998 eburnea
977 1925 1062 1996 data
1078 1946 1144 2016 per
1159 1921 1369 2020 magistrum
1388 1922 1586 1996 Hauricum
1605 1921 1734 2017 Rynde
1752 1963 1760 1980 ·

495 2036 590 2109 Item
607 2060 717 2108 vnum
735 2037 854 2132 jocale
871 2038 917 2108 de
933 2059 1020 2108 auro
1038 2058 1121 2107 cum
1144 2037 1313 2131 ymagine
1330 2037 1476 2130 pietatis
1493 2035 1618 2109 datum
1636 2057 1700 2129 per
1716 2035 1828 2107 domi·

544 2172 632 2221 num
648 2149 852 2222 Iohannem
873 2143 1035 2220 Forstare
1053 2147 1228 2219 militem·

497 2261 591 2332 Item
625 2262 696 2332 due
728 2285 859 2334 corone
893 2262 938 2333 rle
973 2270 1124 2356 argento
1158 2259 1331 2330 deaurata
1368 2283 1433 2354 pro
1464 2255 1605 2332 Christo
1639 2272 1679 2332 et
1712 2259 1829 2332 nostra

545 2373 690 2445 domIna
706 2397 788 2445 cum
807 2373 986 2468 lapidibus
1002 2414 1012 2431 ·

498 2483 592 2556 Item
609 2487 766 2580 quinque
784 2484 887 2559 bursa
904 2509 1012 2559 auree
1029 2509 1112 2558 cum
1130 2485 1290 2578 reliquijs
1306 2481 1505 2556 saumorum
1523 2525 1532 2542 ·

498 2595 592 2669 Item
610 2599 766 2692 quinque
787 2599 907 2694 pbiole
923 2611 1096 2696 argentee
1113 2638 1121 2654 ·
1142 2595 1237 2668 Item
1256 2607 1330 2666 tres
1347 2593 1504 2688 ampulla
1520 2607 1717 2691 argentea·

499 2707 592 2781 Item
612 2731 720 2781 vnum
740 2711 860 2804 jocale
883 2709 1095 2784 eucharistie
1122 2709 1167 2780 de
1195 2722 1348 2802 argento
1373 2707 1582 2779 deauratum
1611 2707 1828 2778 admodum

546 2816 650 2893 castri
664 2844 747 2894 cum
761 2822 934 2895 laberello
947 2863 956 2880 ·
971 2822 1096 2895 datum
1114 2844 1179 2915 per
1195 2820 1383 2890 domiuum
1397 2815 1595 2892 Heuricum
1608 2819 1655 2892 dc
1667 2817 1831 2913 Lychton

546 2930 748 3026 episcopum
780 2931 1067 3006 Abirdoneusem
1101 2935 1137 3002 iu
1169 2933 1284 3014 cuius,
1301 2925 1508 3003 summitate
1541 2933 1688 3024 ponitur
1712 2935 1831 3026 jocale

545 3066 693 3115 aureum
710 3069 793 3116 cum
816 3047 984 3138 ymagInc
1007 3045 1153 3137 pietatis
1178 3044 1304 3114 datum
1332 3064 1398 3134 per
1422 3041 1604 3114 dominum
1627 3041 1830 3118 Jobunnem

550 3152 691 3228 Forstar
708 3155 753 3227 dc
770 3152 1000 3249 Corstorsyne
1018 3167 1057 3225 vt
1073 3151 1178 3249 supra
1194 3151 1363 3225 scribitur
1380 3193 1388 3210 ·

499 3267 594 3340 Item
613 3289 682 3338 vna
699 3267 815 3360 poluit
832 3287 913 3339 cum
941 3267 1069 3338 lotorio
1087 3266 1133 3337 dc
1150 3279 1302 3361 argento
1328 3288 1375 3336 ex
1396 3265 1494 3336 tlono
1520 3265 1657 3339 domini
1675 3266 1830 3342 Gilberti

549 3367 729 3472 epriscopI·

503 3490 597 3564 Item
615 3492 686 3563 duc
703 3490 826 3584 palues
851 3501 1023 3584 argentee
1040 3511 1103 3581 pro
1128 3488 1271 3561 lauacro
1290 3491 1326 3560 In
1345 3491 1647 3583 clrcumfereucijs
1663 3491 1833 3566 deaurato

550 3605 635 3676 dote
661 3625 725 3696 per
753 3603 937 3674 dominum
969 3601 1169 3673 IIeancum
1201 3597 1409 3694 episcopum
1439 3601 1724 3675 Abirrlonansem
1751 3629 1832 3678 cum

549 3713 874 3808 circumscriptione
897 3711 1079 3808 utriusque
1102 3712 1218 3807 peluis
1243 3706 1290 3784 stc
1318 3713 1512 3806 incipiente
1537 3713 1743 3788 Hauatcua
1768 3737 1830 3790 um

548 3847 687 3900 enarra
714 3846 913 3899 urrscorus
938 3825 1231 3898 Auruuoucnsrs
1249 3842 1360 3894 rucrr
1384 3843 1454 3896 sos
1477 3844 1580 3898 rtem
1600 3847 1650 3898 au
1667 3847 1831 3904 uranum

550 3957 694 4010 aarum:
723 3957 900 4010 securare
932 3955 1196 4012 coruncanum
1229 3955 1400 4008 clusuras
1434 3957 1537 4012 auso
1565 3935 1716 4012 Dorum
1751 3962 1836 4014 ιιι-

550 4069 686 4126 uastam
708 4069 1104 4129 absumunturmnlo
1130 4067 1337 4120 sarcasmo
1363 4067 1501 4123 ruauro
1528 4069 1575 4122 ur
1600 4071 1835 4132 uurcuuuun

550 4183 620 4236 nos
645 4181 693 4233 aa
719 4181 800 4234 raro
836 4181 971 4236 aarum
1007 4178 1268 4234 scrutetur-:atr
1303 4178 1363 4231 arr
1397 4183 1421 4232 r
1454 4179 1525 4234 uao
1552 4182 1599 4234 ετ
1631 4187 1655 4236 a
1692 4185 1835 4238 aomar

552 4293 699 4348 uoursr
718 4291 959 4346 matamorus
977 4293 1024 4346 ar
1042 4289 1324 4345 rurunraruurr
1341 4291 1647 4350 conumeratus
1662 4275 1782 4349 Arrun
1801 4319 1809 4334 ·

503 4386 598 4460 Item
617 4407 727 4457 vnum
743 4383 961 4456 turribulum
979 4397 1190 4480 argenteum
1208 4407 1293 4456 cum
1311 4383 1453 4458 duobus
1469 4387 1514 4458 de
1531 4387 1710 4462 auricalco
1728 4429 1737 4448 ·

502 4497 598 4572 Item
616 4519 726 4570 vnum
751 4518 921 4592 maguum
940 4495 1158 4570 turribulum
1182 4507 1398 4592 argenteum
1417 4497 1540 4572 datum
1560 4523 1626 4594 per
1646 4500 1833 4575 <lominum

550 4610 749 4684 chrirum
767 4607 813 4681 de
831 4607 998 4704 Lycbton
1015 4606 1219 4704 episcopum
1237 4609 1550 4684 Abirdoncusem·
