4590 5954
489 718 597 813 ent]
965 723 1374 798 aennnonnnsn.
1795 733 1836 797 er

486 917 600 1011 quise
619 923 656 990 in
674 921 849 994 beneficio
868 920 1109 997 eeclesiastico
1132 925 1327 996 intrudunt
1344 934 1382 993 et
1400 920 1508 991 telles
1527 923 1678 993 scienter
1703 927 1835 1015 periuri

486 1055 550 1123 per
566 1054 655 1124 quos
672 1033 801 1127 aliquis
818 1040 958 1108 amittit
984 1039 1226 1110 hereditatem
1245 1042 1309 1104 aut
1327 1033 1540 1105 beneficium
1559 1030 1836 1106 ecclesiasticum

486 1142 547 1213 seu
573 1153 758 1218 terrenum
783 1160 946 1244 raptores
973 1152 1085 1220 etiam
1111 1144 1249 1239 publici
1267 1154 1306 1214 et
1328 1146 1457 1236 notorij
1476 1155 1515 1216 et
1532 1169 1656 1217 ornnes
1682 1144 1837 1218 scienter

484 1265 713 1348 receptantes
743 1261 840 1332 fures
871 1261 928 1332 vel
963 1268 1127 1351 raptores
1158 1263 1199 1324 vt
1229 1255 1396 1326 furentur
1426 1256 1482 1326 xcl
1514 1259 1653 1350 rapiant
1685 1258 1741 1329 rel
1772 1281 1834 1330 eos

485 1379 726 1444 manutenent
740 1373 798 1444 vel
815 1397 879 1466 pro
897 1375 950 1442 eis
967 1369 1171 1440 fideiubent
1188 1389 1271 1437 oum
1286 1389 1332 1438 ex
1347 1369 1441 1438 dina
1456 1367 1560 1440 cauta
1576 1371 1833 1461 querelantur·

483 1479 621 1554 Contra
638 1483 819 1556 latronum
834 1495 873 1554 et
889 1481 1092 1574 predonum
1106 1479 1248 1572 flagicia
1261 1480 1391 1571 quibus
1409 1482 1514 1550 nimis
1532 1481 1716 1555 habundat
1733 1487 1832 1578 regio

483 1590 676 1667 Sootioana
700 1597 797 1688 quod
827 1613 1056 1684 nequaquam
1082 1584 1171 1660 esset
1197 1600 1237 1659 vt
1266 1593 1471 1684 accepimus
1502 1591 1567 1662 nili
1592 1595 1744 1666 maiores
1770 1619 1832 1666 eos

483 1705 721 1778 ‹lesenderent
738 1716 777 1777 et
794 1711 1077 1774 manutenerent
1094 1710 1160 1772 aut
1177 1725 1242 1794 pro
1259 1699 1393 1774 eisdem
1410 1703 1563 1774 scienter
1579 1717 1617 1775 et
1634 1707 1832 1797 prudenter

483 1819 742 1892 lideiuberent·
758 1812 805 1888 stc
820 1816 990 1886 duximus
1008 1809 1244 1884 statuendum
1263 1825 1303 1886 vt
1320 1837 1426 1886 nemo
1443 1839 1504 1886 eos
1522 1827 1687 1910 protegat
1705 1841 1831 1889 manu·
1902 1901 1905 1907 y
1951 1861 1957 1886 r

482 1940 606 2002 teneat
623 1927 684 2000 seu
702 1928 876 1999 defendat
894 1926 951 1998 rel
979 1927 1015 1995 in
1042 1926 1211 1996 domibus
1237 1936 1363 1997 teneat
1380 1927 1436 1998 vel
1455 1927 1545 1998 ellos
1570 1951 1659 2021 ques
1684 1927 1830 2000 sbiuerit

481 2040 538 2114 vel
556 2035 788 2112 manifestum
802 2038 913 2110 suerit
931 2037 1163 2110 latrocinium
1181 2047 1246 2110 aut
1262 2039 1409 2131 predaur
1427 2063 1593 2110 exercere
1608 2080 1616 2095 ·
1630 2063 1691 2110 eos
1704 2052 1829 2112 autem

481 2155 542 2244 qui
568 2151 849 2224 contrafecerint
867 2146 891 2220 sr
912 2152 1022 2222 tertio
1040 2150 1253 2222 commoniti
1280 2173 1345 2243 per
1369 2148 1643 2223 ecclesiasticum
1671 2153 1827 2224 iudicem

481 2262 573 2357 iplbs
589 2289 611 2334 a
628 2261 664 2335 sc
688 2287 759 2334 non
786 2264 984 2335 abiecerint
1010 2259 1250 2335 ecclesiastice
1277 2266 1638 2336 excommunicationi
1665 2262 1831 2361 subiuga-

480 2399 560 2448 rnus
574 2416 582 2433 ·
597 2377 835 2448 monitionem
854 2385 978 2446 autem
996 2374 1166 2446 volumus
1184 2383 1222 2447 et
1239 2371 1430 2446 statuimus
1447 2373 1605 2448 lblliecre
1620 2379 1828 2471 generalem

480 2501 519 2560 et
536 2485 562 2560 st
579 2487 643 2560 liat
660 2488 813 2560 alicuius
838 2489 985 2558 nomine
1012 2509 1087 2557 non
1104 2481 1267 2580 expresso
1285 2487 1371 2558 dum
1389 2489 1441 2558 ita
1457 2487 1601 2581 publice
1618 2514 1658 2561 ae
1676 2488 1829 2585 solemp-

480 2603 576 2672 niter
598 2601 664 2672 liat
682 2600 777 2692 quod
795 2600 840 2670 ad
859 2622 984 2672 eorum
1011 2599 1182 2668 notitiam
1200 2596 1322 2668 valeat
1347 2601 1533 2689 peruenire
1552 2639 1559 2655 ·
1580 2599 1676 2670 Item
1701 2623 1828 2674 omnes

479 2715 539 2803 qni
564 2714 601 2783 in
625 2708 731 2784 eausa
756 2709 1013 2782 matrimoniali
1042 2707 1147 2779 salsas
1175 2710 1409 2800 exceptiones
1435 2709 1613 2782 nraliciose
1638 2725 1827 2804 opponunt

478 2823 536 2894 vel
562 2823 695 2916 opponi
719 2833 914 2914 procurant
933 2820 989 2892 vel
1008 2822 1071 2913 qui
1095 2821 1133 2890 in
1151 2815 1257 2891 causa
1282 2821 1534 2893 matrimoniali
1560 2820 1686 2894 salstnn
1709 2825 1828 2916 perbi-

479 2937 567 3006 bent
581 2931 828 3004 testimouium
842 2930 998 3004 scienter
1011 2932 1068 3003 vel
1087 2933 1124 3004 id
1139 2933 1216 3004 ficri
1231 2946 1424 3023 procurant
1438 2933 1494 3004 rel
1509 2931 1617 3005 telles
1631 2933 1825 3008 subornant

478 3047 863 3118 excommunicationis
881 3042 1066 3116 sentencie
1085 3041 1121 3116 se
1139 3045 1310 3116 nouerint
1328 3041 1534 3118 subiacere·

993 3266 1056 3339 tt.
1084 3267 1142 3340 De
1159 3269 1287 3340 eodem
1304 3307 1313 3326 ·

477 3497 572 3568 Item
591 3495 948 3568 excommunicamus
965 3491 1048 3564 illos
1062 3494 1124 3584 qui
1143 3516 1269 3586 pacem
1284 3493 1395 3590 Regis
1412 3511 1474 3566 aut
1492 3498 1589 3590 regni
1609 3499 1820 3588 perturbant

475 3625 514 3680 et
531 3631 657 3680 omnes
675 3607 756 3679 illos
774 3608 834 3698 qui
854 3606 937 3674 odio
956 3605 1014 3675 vel
1034 3605 1124 3676 lueri
1143 3605 1250 3678 caula
1264 3606 1344 3699 alijs
1362 3609 1509 3678 crimina
1526 3606 1611 3680 salsa
1630 3611 1821 3702 imponunt

474 3747 538 3816 pro
556 3721 686 3815 quibus
703 3742 799 3790 mors
817 3715 875 3788 ecl
893 3715 1044 3787 exilium
1063 3717 1120 3788 vel
1139 3717 1382 3790 membrorum
1400 3720 1580 3792 mutilatio
1598 3721 1654 3792 xel
1672 3725 1824 3794 cxbere·

474 3835 573 3907 datio
583 3833 644 3906 seu
656 3835 831 3905 bonorum
844 3827 1008 3921 spoliatio
1020 3827 1119 3921 sequi
1129 3829 1263 3901 debeat
1274 3827 1299 3900 st
1312 3829 1527 3902 iudicialiter
1538 3835 1820 3905 eonuineantur·

623 4056 709 4130 LII.
737 4056 795 4128 De
812 4055 1131 4128 excommunicato
1148 4076 1336 4148 perunum
1354 4055 1556 4150 episcopum
1569 4058 1820 4130 ‹lerruneiando

622 4192 687 4264 pcr
702 4168 792 4242 alios
810 4167 912 4240 etde
930 4167 1123 4239 interdibto
1150 4166 1411 4262 promulgando
1428 4169 1463 4238 in
1483 4182 1594 4240 terras
1611 4192 1821 4242 exeommu-

622 4283 733 4354 nicati
756 4276 782 4350 sr
806 4305 871 4376 per
891 4280 1130 4374 quadraginta
1152 4279 1230 4350 dics
1252 4281 1289 4350 in
1315 4281 1511 4372 pertinacia
1536 4279 1819 4374 perseuerauerit

620 4403 661 4465 et
677 4393 724 4465 de
740 4414 835 4487 pena
851 4391 1072 4487 prelatorum
1091 4387 1159 4463 ista
1175 4414 1248 4463 non
1264 4390 1529 4464 obseruantium
1548 4433 1557 4449 ·

473 4620 677 4696 Statuimuo
714 4618 824 4689 etiam
859 4618 955 4710 quod
990 4619 1164 4709 quociens
1196 4613 1326 4709 aliquis
1359 4639 1404 4688 ex
1439 4616 1541 4688 nobis
1574 4615 1745 4713 episeopis
1779 4623 1817 4693 iu
