4564 5968
480 809 566 906 xe]
948 813 1349 888 ABERDONENSE.
1751 819 1818 893 169

481 1031 651 1105 copem·
676 1010 775 1084 Item
799 1025 957 1109 quotuor
976 1013 1188 1088 candelabra
1210 1015 1280 1087 alia
1303 1015 1452 1104 antique
1478 1033 1589 1082 eree·
1614 1011 1713 1084 Item
1743 1013 1815 1084 duo

476 1122 692 1197 candelabra
709 1145 784 1222 'pro
826 1151 959 1225 magno
993 1128 1098 1200 elteri
1133 1128 1217 1199 dete
1252 1149 1316 1220 per
1354 1121 1542 1192 dominum
1583 1120 1815 1194 Willelmum

476 1235 585 1330 Rynd
609 1234 872 1312 thesaurarium
899 1263 1011 1312 vnum
1037 1239 1152 1311 abfuit
1174 1249 1336 1328 tempore
1353 1255 1424 1325 quo
1451 1231 1637 1304 Johennes
1667 1229 1815 1308 Brovne

474 1347 546 1418 fuit
562 1345 705 1423 sacriste
730 1391 739 1410 ·
767 1350 866 1424 Item
882 1361 1039 1446 quatuor
1062 1345 1195 1421 cuffine
1212 1347 1296 1417 dete
1322 1367 1386 1437 per
1403 1343 1590 1415 dominum
1612 1342 1815 1417 Henricum

476 1450 659 1533 Lichtoun
698 1501 708 1521 ·
743 1462 841 1535 Item
874 1484 988 1533 vnum
1030 1467 1193 1552 tapetum
1230 1458 1373 1550 nigrum
1415 1465 1560 1528 textum
1598 1451 1687 1528 rofis
1722 1457 1814 1529 albis

451 1572 613 1646 ·bleueis
654 1576 878 1647 intermixtis
913 1597 960 1645 ex
1002 1572 1095 1642 dono
1136 1570 1271 1641 domini
1314 1567 1460 1640 Ricerdi
1504 1567 1640 1640 Forbes
1683 1570 1811 1641 deceni

474 1683 743 1760 Aberdonenfie
760 1726 769 1744 ·
788 1685 885 1758 Item
903 1705 1011 1755 vnem
1022 1682 1188 1754 incudem
1205 1703 1371 1776 magnam
1385 1703 1449 1775 pro
1462 1681 1644 1754 canonicis
1661 1678 1812 1754 ecclesie

473 1797 596 1871 dotem
612 1821 679 1893 per
687 1797 875 1870 dominnm
886 1789 1413 1865 HenricumAbberdonensem
1430 1790 1546 1864 ·Item
1556 1816 1627 1865 vna
1639 1793 1812 1866 cathedra

473 1911 607 1983 ferree·
620 1909 718 1982 Item
730 1903 929 1981 ncresccnt
939 1906 977 1976 in
990 1904 1109 1977 medio
1120 1899 1266 1978 ecclefie
1277 1903 1445 1976 orientali
1456 1904 1503 1976 de
1513 1907 1664 1997 antiqno
1682 1946 1690 1962 ·
1712 1906 1809 1978 Item

471 2022 543 2094 duo
572 2021 747 2093 sotulares
764 2014 884 2090 nostre
909 2017 1056 2090 domine
1075 2041 1159 2089 cum
1182 2017 1319 2089 duobus
1344 2015 1502 2088 berillis·
1539 2015 1635 2088 Item
1653 2041 1674 2089 a
1692 2014 1811 2092 sterne

470 2132 516 2206 de
543 2135 694 2227 antiquo
725 2152 845 2203 eorem
876 2124 997 2201 nostre
1023 2129 1167 2202 domine
1202 2132 1240 2202 In
1273 2131 1358 2224 neuj
1386 2125 1574 2202 ecclefie·
1627 2128 1725 2203 Item
1763 2135 1810 2227 vij

471 2241 611 2340 sternye
629 2266 720 2317 enee
746 2242 793 2312 de
817 2241 913 2312 dono
939 2239 1119 2314 Willelmi
1148 2240 1301 2337 episcopi
1326 2242 1520 2313 moderni·
1574 2241 1672 2315 Item
1699 2265 1808 2316 vnum

470 2355 726 2429 candelabrum
761 2363 847 2424 ente
881 2375 1055 2449 magnum
1087 2353 1200 2426 altare
1229 2377 1311 2426 cum
1345 2353 1538 2427 duodecim
1570 2355 1809 2428 luminaribus

470 2490 517 2541 ex
535 2468 629 2540 dono
646 2461 805 2538 eiusdem
823 2501 833 2520 ·
883 2462 980 2536 Item
1005 2487 1114 2537 vnum
1131 2465 1306 2538 luminare
1323 2489 1443 2540 coram
1459 2465 1581 2541 nostre
1606 2469 1755 2541 domino
1772 2471 1808 2541 in

470 2583 556 2655 naui
583 2572 733 2652 ecclefie
750 2576 879 2649 datum
905 2600 971 2671 per
986 2574 1193 2672 magn'strum
1209 2577 1394 2651 Andreem
1409 2577 1506 2651 Lieil
1523 2578 1810 2652 thesaurarium·

472 2691 589 2790 [Item
602 2711 713 2761 vnum
727 2685 841 2782 lepor
857 2690 998 2784 teyggis
1015 2710 1079 2783 pro
1092 2685 1213 2762 hostiis
1225 2685 1415 2783 pensandis
1440 2689 1567 2763 datum
1581 2715 1646 2786 per
1664 2690 1812 2763 Willel-

470 2826 571 2876 mum
588 2798 794 2897 episcopum
811 2801 1025 2873 modernum
1043 2799 1073 2894 ·]

469 3137 640 3213 Visrtetio
656 3138 832 3232 jocalium
849 3133 1002 3210 eccleiie
1018 3136 1284 3210 Aberdoneniis
1301 3137 1397 3213 fecie
1413 3163 1438 3212 x
1455 3141 1516 3212 die
1528 3139 1660 3214 mensio
1679 3141 1810 3237 Morcij

468 3275 564 3326 enno
590 3249 738 3323 Domini
757 3269 903 3322 mcccc.
928 3246 1155 3346 nonageiimo
1176 3249 1327 3345 septimo
1357 3252 1552 3324 concordet
1578 3255 1615 3324 in
1642 3256 1812 3327 omnibus

469 3386 552 3438 cum
564 3359 761 3459 prescripto
772 3357 978 3434 vitiatione
994 3360 1063 3434 hoo
1076 3362 1198 3433 addito
1210 3363 1305 3455 quod
1315 3365 1547 3458 reperiuntur
1556 3365 1627 3438 due
1645 3364 1810 3440 clausuro

469 3471 1811 3574 argenteedemegnobreuierio·PrescntibusCentoreTheseurerioObyne

469 3584 758 3661 CrowdaneCiet
769 3583 860 3659 Deir
870 3585 1064 3658 Aberdour
1074 3581 1269 3658 Tulineffill
1284 3585 1436 3659 Kinkell
1465 3584 1676 3662 Monimusk
1694 3605 1733 3662 ct
1751 3615 1810 3663 me

467 3700 636 3773 Iohanne
654 3698 848 3794 Kennerty
865 3700 1005 3771 notario
1022 3707 1061 3769 et
1077 3695 1188 3770 scribe
1204 3699 1352 3792 capituli
1371 3739 1380 3755 ·

469 4031 642 4110 Vifitntio
652 4033 827 4129 jocalium
857 4029 1009 4107 ecclesie
1031 4033 1242 4107 cathedralis
1265 4033 1535 4110 Aberdonenfie
1560 4037 1654 4112 fatie
1680 4043 1808 4136 xrriiij‘⁰

468 4149 529 4222 die
544 4141 677 4220 meniis
694 4145 881 4241 Febr-uerij
898 4169 993 4220 enno
1011 4144 1159 4219 Domini
1184 4168 1326 4220 mcccc.
1345 4143 1574 4245 nonageiimo
1591 4155 1720 4226 ostano
1746 4178 1811 4249 per

467 4260 645 4334 decenum
676 4255 936 4331 thesaurarium
960 4257 1212 4332 cancellarium
1241 4258 1370 4354 Obyne
1395 4257 1614 4358 Benquhory
1640 4263 1810 4363 Lunmey

470 4371 561 4446 Deir
577 4365 772 4444 Ooldstcne
795 4363 997 4442 Tulinessill
1014 4371 1206 4444 concordet
1218 4393 1301 4443 cum
1316 4370 1543 4468 retroscripte
1560 4372 1765 4452 visitatione
1783 4422 1791 4437 ·

471 4700 552 4808 [x'vj
579 4707 638 4780 die
660 4703 791 4800 Mercij
809 4725 883 4777 nn.
911 4725 1164 4780 rr.cccc.xcrx.
1184 4706 1323 4804 Ymego
1348 4708 1493 4782 domine
1519 4707 1640 4786 nostre
1665 4714 1713 4787 de
1737 4717 1813 4810 pie-

517 4841 604 4894 vor..
622 4839 663 4890 11.
1129 4839 1155 4892 r
