4566 5942
471 669 543 741 266
985 661 1292 738 REGISTRUM
1487 753 1491 766 ⁶
1647 669 1800 768 [secura

472 863 586 940 libers
603 875 643 940 et
659 869 781 960 quiete
797 867 901 939 iuxta
924 862 1021 959 qnod
1037 860 1083 935 ab
1099 861 1258 954 antiquis
1275 863 1493 954 temporibus
1507 872 1606 940 retro
1622 865 1732 962 vsque
1750 870 1798 943 ad

471 975 540 1051 bec
556 987 720 1076 tempora
735 979 928 1052 habuerint
951 973 1050 1050 saluo
1074 975 1114 1046 in
1137 971 1305 1046 omnibus
1329 972 1407 1046 iure
1422 972 1567 1068 persone
1582 985 1623 1050 et
1638 982 1799 1054 matricis

471 1086 620 1167 ecclesie
645 1133 654 1152 ·
680 1091 806 1166 Terras
822 1099 946 1165 autem
962 1111 1051 1183 quas
1069 1085 1205 1182 hijdem
1228 1081 1341 1156 kildei
1358 1107 1405 1158 ex
1421 1081 1637 1159 conceffione
1653 1087 1800 1164 Gilcrist

471 1205 614 1278 comitis
629 1205 676 1277 de
692 1202 796 1278 Marr
811 1198 886 1276 sme
902 1197 1073 1276 consensu
1088 1196 1238 1295 predibti
1253 1192 1408 1290 episcopi
1420 1209 1647 1292 receperunt·
1661 1196 1798 1274 seilicet

470 1313 684 1390 Dulbetbok
700 1325 740 1388 et
750 1313 954 1409 Farnochty
964 1307 1235 1409 resignauernnt
1249 1310 1289 1381 in
1305 1329 1451 1380 manum
1464 1306 1616 1404 episcopi
1633 1310 1686 1383 ita
1701 1310 1797 1403 quod

470 1428 517 1501 de
538 1437 660 1500 cetero
686 1425 779 1498 nihil
804 1425 891 1498 iuris
907 1424 1153 1498 vendicabunt
1174 1423 1214 1494 in
1237 1423 1290 1495 cis
1315 1416 1380 1493 nisr
1405 1420 1450 1494 de
1464 1417 1634 1494 consensu
1650 1418 1714 1494 suo
1731 1433 1796 1495 ant

470 1532 703 1612 successorum
720 1535 864 1608 suonam
886 1573 896 1593 ·
924 1533 1172 1608 Promiserunt
1196 1534 1307 1606 ctiam
1331 1531 1479 1605 firmiter
1499 1531 1595 1628 quod
1612 1532 1659 1606 de
1675 1543 1797 1608 cetero

468 1649 588 1722 nullas
604 1657 717 1720 terras
734 1669 804 1740 que
820 1645 867 1718 ad
883 1642 1088 1741 episcopum
1105 1643 1229 1718 Sancti
1244 1643 1392 1718 Andree
1409 1645 1537 1718 debeat
1551 1646 1734 1739 pertinere
1749 1670 1797 1720 ex

469 1761 565 1834 dono
593 1753 702 1852 ipsius
726 1756 868 1828 comitis
884 1755 944 1829 vel
962 1756 1112 1828 alteriue
1128 1751 1204 1828 fine
1223 1751 1361 1830 assensu
1381 1752 1486 1852 ipsius
1499 1753 1654 1851 episcopi
1671 1754 1795 1830 Sandli

468 1869 618 1944 Andree
628 1868 674 1940 de
686 1876 807 1939 cetero
816 1866 991 1958 recipient
1002 1888 1070 1938 nec
1082 1866 1217 1959 aliquid
1227 1868 1362 1942 sacient
1373 1869 1466 1962 quod
1476 1869 1581 1942 cedet
1592 1869 1630 1940 in
1640 1871 1797 1964 preiudi-

469 1981 566 2052 cium
582 1977 770 2074 dignitatis
786 1973 848 2047 sue
867 1972 1084 2071 [libertatis]
1102 1971 1250 2050 ccclefie
1266 1977 1388 2052 Sancti
1402 1979 1545 2054 Andree
1557 1981 1617 2054 vel
1632 1983 1672 2054 iu
1688 1982 1798 2055 detri-

468 2097 634 2162 mentum
644 2082 793 2162 ecclesie
804 2085 1015 2180 parochialia
1026 2086 1073 2158 de
1085 2085 1351 2182 Monymulke·
1367 2089 1460 2164 Cum
1470 2101 1592 2166 antem
1602 2094 1797 2190 contigerit

469 2198 675 2296 episcopum
700 2199 822 2272 Sandi
851 2196 1001 2271 Andree
1027 2199 1151 2271 venire
1177 2199 1224 2270 ad
1253 2198 1481 2276 Monimullrc
1506 2205 1657 2298 prodidi
1681 2205 1797 2282 kildei

468 2313 645 2408 recipient
653 2334 738 2384 eum
749 2333 832 2384 cum
845 2305 1064 2404 processione
1075 2306 1309 2404 solempniter
1321 2347 1330 2367 ·
1344 2310 1517 2386 Dominus
1526 2316 1638 2388 ctiam
1652 2313 1797 2390 Willel-

467 2445 550 2497 mus
567 2421 753 2520 episcopus
769 2420 893 2496 Sansti
905 2421 1054 2495 Andree
1070 2417 1234 2516 promisit
1249 2445 1314 2516 pro
1331 2419 1368 2494 se
1384 2430 1423 2496 ct
1435 2419 1684 2500 successoribus
1701 2428 1796 2521 quod

467 2531 611 2610 eosdem
627 2532 769 2608 kildcoa
785 2532 927 2608 iuuabit
942 2541 982 2608 et
996 2554 1107 2606 manu
1123 2532 1266 2606 tenebit
1282 2543 1452 2628 unquam
1467 2530 1546 2607 snos
1562 2575 1572 2594 ·
1591 2533 1648 2608 Vt
1672 2549 1796 2612 autem

466 2648 535 2720 bec
560 2641 770 2742 compositio
786 2645 918 2718 suturis
934 2654 1108 2740 perpetuo
1125 2646 1348 2740 temporibus
1375 2655 1452 2718 rata
1467 2655 1504 2719 et
1519 2645 1660 2720 illibate
1680 2648 1797 2744 perse-

466 2768 572 2834 ueret
595 2768 636 2833 et
661 2753 837 2853 presentis
860 2754 983 2852 scripti
1006 2757 1208 2831 munimine
1232 2768 1273 2830 et
1296 2767 1373 2832 tam
1390 2753 1579 2856 sigillorum
1594 2756 1796 2834 nostrorum

467 2893 576 2964 quam
588 2864 785 2966 sigillorum
800 2869 957 2963 partium
974 2862 1195 2963 appositione
1206 2877 1246 2942 ct
1255 2869 1458 2943 iuramento
1472 2867 1580 2964 Bricij
1598 2879 1637 2942 et
1648 2869 1797 2946 Andrce

469 2980 674 3054 kildeorum
703 3003 767 3073 pro
796 2979 832 3053 se
861 2989 901 3052 et
924 2976 997 3052 suis
1020 2974 1223 3054 conkildeis
1250 2976 1458 3075 interposito
1480 2977 1533 3054 est
1556 2981 1795 3056 confirmata·

468 3090 552 3188 Hlja
579 3087 733 3166 testibus
760 3089 899 3164 'l'homa
931 3091 1049 3185 priore
1073 3089 1199 3164 Sentii
1214 3089 1364 3164 Andree
1388 3088 1577 3188 magistro
1595 3091 1795 3169 Laurencm

467 3203 718 3278 archidiacono
735 3201 921 3275 baudonie
937 3241 947 3260 ·
965 3201 1076 3276 Petro
1093 3200 1295 3276 ·Edwardo
1308 3243 1317 3260 ·
1331 3201 1693 3301 Galfiidocapellanis
1705 3203 1796 3301 cpis-

470 3317 551 3412 copi
559 3312 829 3388 sansiiAndree
841 3353 850 3372 ·
862 3310 1034 3388 Geruasro
1047 3313 1093 3388 de
1103 3313 1230 3387 Geclle
1241 3355 1251 3373 ·
1263 3312 1424 3386 Robcrto
1433 3315 1478 3386 de
1486 3313 1592 3410 llaya
1604 3355 1613 3374 ·
1626 3313 1795 3414 magistro

470 3426 678 3523 Stephano·
695 3422 863 3522 magistro
879 3423 1000 3498 Adam
1016 3422 1137 3498 Ouide
1148 3468 1158 3486 ·
1168 3438 1207 3498 et
1223 3421 1392 3522 magistro
1403 3424 1581 3500 Michaelc
1593 3467 1603 3485 ·
1616 3437 1656 3499 et
1667 3425 1796 3524 magis·

468 3551 526 3612 tro
551 3537 662 3612 Petro
682 3537 730 3610 de
746 3535 926 3611 Dribnrcb
942 3575 953 3594 ·
967 3534 1106 3609 clericis
1130 3534 1285 3632 episcopi
1310 3535 1418 3610 sanffi
1432 3536 1577 3611 Andrec
1600 3536 1795 3636 magistro

468 3649 589 3725 Bricio
605 3650 653 3723 de
670 3647 913 3744 Monymnssre
930 3657 970 3721 et
986 3647 1114 3721 multis
1130 3649 1212 3742 alijs
1229 3688 1237 3705 ·

467 3983 877 4174 Cmtaffionfirmationis
888 3981 1088 4058 Alexandri
1101 3987 1195 4082 regis
1206 3985 1376 4059 fratribus
1388 3983 1581 4082 Hospitalis
1591 3987 1790 4062 Jerusalem

467 4120 581 4174 conce
645 4137 655 4158 ·

467 4303 693 4399 Alexander
717 4319 789 4393 Dei
812 4317 930 4415 gratia
951 4341 1016 4393 rex
1033 4319 1242 4394 Scottorum
1267 4321 1432 4395 omnibns
1454 4323 1572 4417 probis
1588 4323 1792 4400 bomimbus

465 4433 581 4510 totius
593 4441 691 4506 terre
702 4426 765 4504 sue
776 4427 917 4503 clericis
926 4440 967 4502 et
982 4429 1094 4526 laycis
1110 4428 1263 4506 salutem
1276 4469 1286 4490 ·
1298 4429 1425 4506 Sciant
1438 4431 1620 4529 presentes
1628 4445 1670 4508 et
1681 4436 1792 4512 futuri

468 4568 535 4620 nos
557 4537 761 4619 concessisse
784 4549 825 4615 et
848 4539 916 4616 bae
940 4551 1039 4615 carta
1066 4538 1186 4616 nostra
1208 4538 1426 4618 confirmasse
1452 4543 1531 4620 Deo
1558 4553 1599 4620 et
1622 4546 1793 4622 fratribus
