4526 5954
464 733 565 828 xm]
921 735 1318 812 ABERDONENSE
1562 785 1564 790 .
1728 741 1800 813 293

463 932 572 1004 lelrno
589 934 634 1006 de
652 933 772 1009 Vicar’
793 939 979 1035 armigeris
995 949 1036 1011 et
1051 935 1178 1008 multis
1203 933 1283 1027 slijs
1308 932 1448 1004 clericis
1465 939 1504 1004 et
1521 931 1620 1004 laicis
1646 931 1798 1006 testibus

462 1045 506 1116 ud
530 1043 693 1140 premisse
717 1052 851 1147 rogetis
876 1060 916 1123 et
935 1046 1139 1144 specialiter
1167 1047 1305 1118 vocetis
1330 1082 1339 1100 ·
1367 1041 1417 1115 Et
1442 1065 1510 1137 ego
1529 1041 1728 1116 Nicholsus
1753 1047 1799 1118 de

462 1155 561 1230 Burn
577 1160 728 1235 clericus
744 1158 974 1258 Glnsguenfis
1000 1154 1159 1254 dyocesis
1185 1154 1351 1248 publicus
1374 1150 1569 1248 apostolice
1584 1156 1799 1228 austeritate

460 1273 619 1346 noterius
642 1269 848 1369 premissum
874 1267 1153 1363 transsumptum
1180 1267 1322 1360 copiaui
1350 1273 1389 1337 et
1414 1261 1613 1360 transcripsi
1644 1266 1734 1338 nihil
1763 1271 1796 1339 ei

459 1382 623 1458 addendo
655 1397 719 1460 eut
751 1383 949 1456 minuendo
982 1380 1080 1474 quod
1113 1377 1199 1450 festi
1228 1371 1465 1448 substantiam
1491 1378 1703 1450 immuteuit
1734 1391 1799 1452 eut

457 1494 680 1570 intellettum
694 1497 847 1568 remouit
863 1504 902 1566 et
918 1487 1019 1586 signo
1036 1512 1120 1562 meo
1136 1486 1241 1560 solito
1259 1498 1297 1560 et
1314 1486 1487 1560 consueto
1501 1485 1637 1584 signini
1651 1501 1797 1586 rogetus

458 1614 497 1678 et
513 1603 702 1700 requisitus
719 1609 756 1677 in
773 1605 881 1677 fidem
900 1611 939 1673 et
956 1598 1204 1673 testimonium
1222 1603 1385 1672 omnium
1403 1595 1648 1695 premissorum
1666 1643 1675 1660 ·

456 1929 566 2001 Carta
584 1927 755 1998 Meriorie
772 1934 810 1996 et
828 1924 1038 2020 Margarete
1055 1924 1102 1995 de
1114 1923 1372 1996 Streehethine
1385 1922 1431 1994 de
1443 1920 1564 1996 annuo
1577 1927 1694 2000 reditu
1713 1953 1797 2002 ven-

454 2043 533 2114 dito
549 2083 558 2098 ·

457 2235 650 2338 Omnibus
661 2261 753 2333 hene
765 2271 901 2334 comem
915 2260 1042 2334 visuris
1055 2261 1115 2332 rel
1128 2262 1486 2338 auditurisMoriorin
1500 2265 1790 2363 [ethlsrgurete]

455 2378 501 2448 de
514 2373 767 2446 Strachethine
785 2372 859 2447 silie
871 2375 1054 2467 quendem
1070 2372 1265 2447 Michaelis
1282 2378 1328 2450 de
1341 2377 1575 2450 Strechethin
1588 2378 1794 2453 coheredes

454 2487 632 2582 legittime
643 2494 681 2557 et
691 2483 1334 2581 propinquioresquondamJohennis
1344 2487 1600 2562 deEdinhome
1610 2489 1794 2587 burgensis

454 2599 499 2669 de
513 2594 1398 2672 AberdencuunculinostriseluteminDomino·
1411 2598 1794 2676 Noueritvniuersitos
1902 2591 1906 2600 '

454 2706 568 2781 vestra
597 2733 661 2782 nos
688 2733 769 2782 cum
796 2711 956 2782 unanimi
981 2706 1155 2782 consensu
1181 2720 1220 2782 et
1246 2706 1383 2783 usl'ensu
1411 2706 1531 2782 nostro
1551 2711 1684 2785 dedisse
1709 2739 1794 2786 con-

452 2816 583 2893 ceslille
599 2845 641 2894 co
658 2821 806 2893 omnino
833 2816 1028 2894 vendidisse
1053 2830 1094 2893 et
1118 2821 1188 2893 hec
1211 2820 1370 2916 presenti
1394 2833 1495 2895 certe
1520 2820 1640 2896 nostre
1666 2829 1793 2898 contir-

452 2930 558 3006 nrosse
576 2931 765 3005 Willelmo
784 2933 863 3006 Red
882 2935 928 3008 de
941 2932 1161 3006 Badfothele
1174 2943 1293 3004 totum
1313 2933 1416 3006 illum
1435 2957 1596 3006 annuum
1610 2936 1791 3010 redditum

451 3047 578 3140 viginti
595 3042 656 3118 sex
673 3043 866 3118 solidorum
884 3058 924 3119 et
940 3047 1022 3119 otto
1049 3046 1279 3118 denariorum
1306 3047 1411 3117 nobis
1438 3046 1655 3120 hereditarie
1683 3054 1790 3143 perti-

451 3169 596 3230 nentem
615 3159 661 3229 de
677 3157 740 3230 illu
756 3169 852 3230 terre
868 3159 1042 3255 burgagie
1058 3181 1168 3252 quum
1194 3167 1299 3230 tenet
1315 3156 1361 3230 sd
1380 3157 1626 3231 feodofirmcm
1646 3158 1791 3234 Willel-

450 3290 530 3340 mus
548 3268 742 3360 Blyndseill
760 3271 806 3341 de
822 3269 962 3343 'l'home
987 3269 1174 3365 Sprynger
1197 3269 1291 3341 infru
1317 3269 1473 3364 burgum
1491 3269 1537 3341 de
1553 3270 1726 3344 Aberden
1753 3279 1788 3346 in

450 3385 529 3453 vico
545 3381 724 3454 furcarum
742 3404 786 3454 ex
807 3382 974 3456 orientali
1001 3397 1105 3477 purte
1130 3378 1289 3453 eiusdem
1308 3381 1378 3453 vici
1404 3383 1502 3452 inter
1525 3390 1658 3454 terrem
1682 3407 1788 3478 quom

449 3496 494 3567 de
512 3493 614 3565 nobis
630 3502 733 3565 tenet
759 3493 935 3567 Ricardus
961 3491 1250 3566 Inchemetbene
1266 3515 1314 3564 ex
1330 3505 1434 3588 porte
1458 3489 1604 3566 eustmli
1622 3519 1668 3568 ex
1687 3513 1789 3592 parte

450 3629 520 3677 vnn
545 3617 583 3677 et
607 3615 737 3677 terram
755 3603 932 3678 Jolrennis
955 3606 1003 3680 de
1030 3600 1237 3701 Sprowston
1264 3626 1312 3676 ex
1336 3613 1440 3697 purte
1465 3603 1590 3677 boriali
1615 3630 1661 3680 ex
1688 3625 1789 3703 perte

448 3717 562 3790 altere
586 3741 650 3811 pro
677 3718 831 3810 quadem
858 3715 998 3790 summe
1022 3717 1177 3812 pecunie
1199 3737 1309 3809 quum
1333 3715 1430 3788 idem
1450 3713 1661 3791 Willelmus
1687 3723 1788 3792 nobis

448 3831 486 3900 in
504 3827 623 3901 nostre
635 3823 843 3901 necestitate
859 3828 904 3900 sd
923 3823 1080 3902 nostrum
1096 3821 1394 3900 sustentationem
1412 3826 1573 3921 plenarie
1589 3840 1629 3902 et
1644 3844 1788 3925 graten-

448 3953 506 4012 ter
521 3942 558 4012 in
575 3941 728 4034 pecunie
744 3949 933 4012 numerato
949 3938 1108 4012 fideliter
1123 3935 1353 4033 persoluebut
1369 3979 1379 3996 ·
1395 3937 1505 4011 Vnde
1521 3961 1587 4012 nos
1603 3962 1668 4036 pro
1685 3946 1788 4017 nobis

448 4063 487 4126 et
511 4051 702 4124 heredibus
728 4047 912 4124 nostriset
929 4046 1060 4124 nostris
1084 4046 1268 4146 sffignctis
1292 4059 1461 4123 tenemus
1478 4051 1572 4125 bene
1597 4064 1787 4128 contentos

448 4174 487 4237 et
503 4163 637 4235 ditium
656 4161 884 4236 Willelmum
909 4163 1064 4236 heredes
1079 4159 1162 4234 suos
1178 4173 1218 4235 et
1235 4160 1316 4234 suos
1333 4157 1526 4259 assignatos
1542 4164 1628 4237 inde
1643 4168 1786 4260 quietos

306 4349 312 4360 ,
448 4277 644 4349 clamemus
659 4295 724 4369 per
747 4273 930 4370 presentes
947 4315 957 4334 ·
977 4273 1193 4348 Tenendum
1218 4284 1258 4347 et
1282 4273 1489 4347 habendum
1514 4275 1674 4369 predido
1692 4263 1816 4350 wil-⁰

449 4387 557 4460 lelmo
576 4385 767 4458 heredibus
784 4385 855 4458 suis
871 4397 911 4459 et
927 4383 1000 4458 suis
1023 4381 1208 4486 effignstis
1223 4409 1245 4458 c
1261 4386 1367 4458 nobis
1384 4398 1423 4459 et
1440 4384 1633 4460 heredibus
1656 4385 1786 4464 nostris

448 4511 487 4573 et
512 4493 640 4571 nostris
664 4491 846 4594 ellignotis
871 4499 910 4570 in
936 4499 1045 4572 foedo
1062 4509 1104 4572 et
1126 4497 1331 4571 hereditste
1357 4519 1447 4592 pure
1463 4511 1503 4570 et
1518 4499 1784 4594 imperpetuum

447 4613 559 4688 libere
585 4611 708 4706 quiete
735 4608 894 4705 plenarie
916 4612 1060 4708 integre
1086 4620 1127 4684 et
1152 4609 1350 4684 honorilice
1376 4610 1471 4682 bene
1486 4617 1527 4682 et
1541 4609 1579 4681 in
1598 4631 1686 4705 poce
1711 4609 1787 4688 srne
