4612 5964
496 702 564 767 118
1016 691 1321 767 REGISTRUM
1670 699 1820 796 [secum

492 895 587 970 Item
605 898 701 991 quod
723 899 761 970 in
786 907 951 991 tempore
977 883 1270 986 quadragesimali
1297 912 1371 961 non
1398 888 1552 964 babeant
1578 897 1698 990 vicarij
1722 896 1820 969 chori

491 1009 568 1080 dies
584 1006 807 1102 synodaticos
825 1005 887 1080 sed
904 1005 1000 1098 quod
1028 996 1176 1095 singulis
1194 1001 1250 1072 bis
1275 1003 1403 1074 diebus
1428 1022 1633 1094 procorum
1650 1006 1820 1100 absentijs

492 1129 697 1212 puneantur
712 1115 817 1192 ficati
834 1121 872 1190 in
890 1111 988 1188 festis
1011 1112 1214 1205 duplicibus
1232 1153 1239 1168 ·
1260 1111 1311 1185 Et
1327 1113 1423 1207 quod
1439 1109 1536 1184 milia
1553 1116 1600 1188 de
1617 1119 1758 1210 jeiunio
1775 1118 1822 1189 ab

490 1227 621 1304 eisdem
642 1230 850 1303 solemniter
865 1249 950 1299 cum
968 1233 1078 1298 cantu
1095 1224 1301 1297 celebretur
1323 1227 1369 1298 ad
1397 1221 1572 1296 summum
1590 1226 1705 1300 altare
1722 1231 1820 1302 omni

491 1344 550 1416 die
566 1345 727 1436 exceptis
756 1337 945 1412 dominicis
962 1361 985 1409 a
1001 1337 1120 1430 capite
1147 1338 1270 1432 ieiunij
1298 1331 1468 1410 inclusrua
1497 1333 1609 1431 vsque
1631 1341 1677 1412 ad
1694 1362 1821 1412 cenam

492 1455 628 1526 domini
645 1446 829 1526 exclusiue
846 1487 855 1504 ·

493 1652 588 1724 Item
606 1651 701 1744 quod
717 1657 965 1743 procuratores
995 1645 1205 1718 vicariorum
1236 1644 1384 1744 siugulis
1401 1649 1500 1720 anais
1522 1647 1682 1720 habeant
1711 1647 1823 1719 facul-

493 1773 605 1835 tatem
631 1784 695 1854 pro
715 1759 873 1854 negociis
891 1757 1104 1828 vicariorum
1132 1769 1171 1830 et
1200 1782 1325 1831 eorum
1354 1761 1479 1833 annuis
1501 1754 1666 1833 censibus
1692 1761 1822 1853 impor-

492 1874 611 1946 tandis
627 1894 692 1966 pro
709 1871 826 1942 tribus
843 1865 1051 1961 septimanis
1081 1870 1289 1944 immediate
1317 1867 1397 1966 post
1413 1871 1610 1966 quemlibet
1626 1873 1822 1944 terminum

492 1978 741 2080 penthecostes
758 1992 798 2054 et
822 1975 934 2052 sancti
964 1978 1117 2054 Martini
1147 1981 1232 2055 bina
1249 1983 1308 2056 die
1334 1986 1370 2056 in
1397 1983 1556 2077 qualibet
1585 1982 1823 2080 septimanas

493 2093 631 2166 summa
646 2089 747 2165 missa
764 2093 943 2164 duntaxat
961 2133 969 2149 ·

494 2319 587 2391 Item
618 2319 713 2411 quod
741 2341 812 2389 non
842 2326 1032 2390 cantantes
1063 2320 1100 2388 in
1128 2319 1235 2390 choro
1262 2328 1301 2390 et
1331 2321 1497 2413 priuatim
1527 2319 1754 2392 celebrantes
1784 2323 1821 2391 in

493 2433 618 2504 codem
641 2438 816 2502 notentur
843 2437 882 2501 et
909 2427 1133 2500 muldentur
1161 2441 1333 2524 tanquam
1350 2427 1512 2502 absentes
1528 2430 1575 2502 ab
1593 2430 1719 2502 eadem
1737 2432 1822 2502 bora

492 2554 531 2616 et
547 2544 641 2638 quod
659 2541 782 2614 nullus
799 2538 959 2614 celebret
988 2536 1106 2613 missas
1135 2541 1179 2612 ad
1200 2537 1380 2613 summum
1397 2540 1507 2612 altare
1532 2539 1591 2612 vel
1608 2540 1722 2614 altare
1738 2541 1823 2614 diue

493 2656 638 2750 virginis
666 2657 768 2725 iuxta
783 2649 964 2724 summum
981 2650 1095 2724 altare
1123 2665 1285 2748 tempore
1312 2651 1449 2724 summe
1476 2649 1577 2723 misse
1593 2663 1658 2723 aut
1675 2657 1823 2726 uratuti·

491 2791 617 2842 narum
635 2766 817 2860 quodque
845 2765 1010 2837 canonici
1028 2775 1068 2836 et
1084 2767 1204 2857 vicarij
1235 2765 1334 2836 chori
1366 2773 1510 2835 utantur
1537 2763 1722 2838 habitibus
1738 2789 1823 2838 con-

491 2878 600 2952 suetis
625 2888 788 2970 tempore
815 2875 983 2947 horarum
1006 2897 1071 2968 pro
1099 2874 1274 2968 qualitate
1304 2874 1472 2969 temporis
1503 2877 1607 2948 iuxta
1635 2879 1820 2971 antiquam

491 2989 785 3064 consuetudinem
804 2983 868 3058 sub
885 3009 980 3080 pena
996 2983 1187 3058 amissionis
1217 2985 1312 3058 illius
1338 2987 1424 3058 bore
1443 3009 1514 3079 qua
1541 2982 1617 3060 liae
1641 2988 1822 3062 habitibus

491 3102 658 3198 congruis
675 3099 783 3171 clroro
801 3097 968 3169 interfuit
986 3137 994 3154 ·

492 3327 587 3398 Item
605 3325 701 3418 quod
718 3323 907 3394 aunuatim
937 3330 1066 3414 quater
1086 3323 1123 3392 in
1153 3345 1247 3391 anuo
1274 3333 1338 3393 aut
1366 3321 1494 3415 pluries
1517 3331 1627 3416 prout
1652 3325 1822 3418 expedire

491 3439 672 3511 videbitur
689 3436 752 3506 liat
770 3428 926 3505 risrtatio
953 3444 992 3504 et
1020 3435 1189 3504 corrcttio
1213 3435 1462 3506 canonicorum
1490 3445 1530 3506 et
1556 3434 1821 3529 capellanorum

491 3563 566 3624 tam
584 3549 629 3620 de
647 3547 909 3618 incontinentia
926 3546 1082 3638 corporis
1099 3568 1204 3639 quam
1224 3546 1269 3616 de
1291 3544 1371 3639 alijs
1394 3541 1588 3618 excessibus
1614 3559 1653 3620 et
1678 3548 1824 3621 deleui-

492 3664 559 3737 bus
576 3673 614 3734 et
639 3659 707 3732 hoc
726 3659 762 3730 in
781 3680 852 3730 vna
878 3658 966 3730 seria
991 3668 1145 3750 quatuor
1174 3671 1378 3750 temporum
1405 3680 1466 3751 per
1487 3653 1729 3753 presidentem
1759 3686 1822 3758 pro

491 3784 654 3867 tempore
665 3768 832 3866 eligenda
844 3803 852 3820 ·
866 3781 905 3841 ct
917 3769 1013 3862 quod
1025 3769 1062 3840 in
1076 3768 1237 3864 qualibet
1248 3769 1338 3840 seria
1348 3779 1472 3862 quarta
1482 3770 1659 3842 ditiorum
1669 3786 1824 3865 quatuor

492 3897 695 3980 temporum
713 3883 802 3954 tiaut
832 3881 953 3976 vigilie
978 3893 1201 3953 mortuorum
1219 3902 1302 3952 cum
1319 3878 1419 3954 milla
1433 3879 1580 3954 solemni
1605 3885 1644 3955 ia
1669 3883 1823 3960 crastino

492 4010 530 4072 et
547 3995 699 4092 quilibet
716 3992 909 4066 canonieus
925 3992 971 4067 ab
988 3991 1121 4066 eisdem
1148 3989 1273 4065 absens
1301 3989 1418 4065 soluet
1444 3993 1633 4068 duodecim
1659 3997 1823 4072 denarios

491 4123 530 4184 et
557 4107 709 4204 quilibet
736 4103 944 4199 capellanus
966 4105 1065 4177 ebori
1095 4119 1249 4199 quatuor
1278 4105 1443 4178 denarios
1461 4129 1527 4200 per
1553 4123 1820 4202 procuratorem

491 4241 719 4298 communem
736 4214 887 4312 capituli
904 4225 944 4288 et
961 4217 1173 4290 vicariorum
1192 4214 1389 4311 respettiue
1407 4217 1674 4312 importandos·

493 4447 587 4520 Item
605 4444 701 4540 quod
718 4442 820 4516 locus
837 4440 1051 4512 vicariorum
1069 4442 1115 4514 de
1133 4465 1227 4514 uouo
1244 4436 1464 4516 construttus
1480 4439 1632 4518 honeste
1648 4442 1822 4522 custodia·
