4612 5964
837 707 1145 784 REGISTRUM
1176 711 1578 786 ABERDONENSE.
1813 723 1881 788 193

532 909 640 1001 regiis
659 903 707 979 src
724 907 906 1002 applicata
922 921 1027 984 erant
1045 907 1164 983 vsrbus
1189 913 1284 1003 quod
1300 913 1346 984 ab
1365 907 1446 1003 ipsis
1463 907 1634 1003 episcopis
1652 913 1688 980 in
1708 909 1778 982 suis
1795 935 1881 982 con-

531 1021 659 1092 dendis
679 1017 906 1098 testamentis
923 1023 1030 1120 super
1053 1025 1156 1096 bonis
1173 1021 1400 1116 disponendis
1416 1017 1617 1091 huiusmodi
1636 1024 1783 1093 omnino
1801 1035 1880 1095 erat

529 1133 702 1228 adempta
727 1135 883 1209 facultas
900 1177 909 1195 ·
927 1139 975 1209 ob
992 1138 1238 1208 reuerentiam
1257 1134 1370 1204 diuini
1394 1132 1549 1202 nominis
1574 1155 1616 1204 ao
1641 1132 1813 1205 consensu
1839 1147 1878 1206 et

529 1239 668 1318 assensu
702 1244 894 1343 obarislimj
924 1251 963 1320 in
994 1241 1135 1320 Christo
1165 1245 1229 1336 filij
1261 1243 1411 1314 Roberti
1444 1243 1538 1338 regis
1571 1254 1659 1316 tuno
1693 1244 1877 1318 senescalli

529 1355 659 1432 Seooie
676 1384 718 1432 ae
736 1363 880 1433 comitis
898 1363 944 1432 de
962 1358 1178 1430 Stratberne
1195 1356 1336 1448 nepotis
1353 1351 1462 1447 ipsius
1480 1354 1600 1429 Dauid
1618 1359 1712 1452 regis
1730 1371 1769 1429 et
1786 1357 1877 1431 libe-

527 1493 649 1544 rorum
666 1470 776 1567 ipsius
803 1472 956 1544 Roberti
983 1491 1051 1540 neo
1076 1489 1148 1536 non
1176 1466 1327 1538 aliorum
1355 1468 1528 1538 baronum
1554 1477 1593 1540 et
1618 1490 1807 1561 procerum
1833 1495 1875 1542 oc

527 1585 638 1656 trium
653 1557 959 1658 communitabum
973 1581 1058 1651 disti
1074 1581 1176 1674 regni
1195 1579 1231 1648 in
1249 1578 1355 1671 pleno
1372 1579 1609 1672 parliamento
1626 1603 1691 1674 pro
1704 1580 1741 1653 se
1752 1593 1791 1652 et
1803 1581 1875 1654 suis

526 1696 719 1769 heredibus
744 1720 788 1768 ac
813 1688 1066 1768 successoribus
1093 1713 1200 1762 omne
1227 1693 1282 1762 ius
1309 1693 1404 1784 quod
1421 1688 1487 1763 fibi
1512 1695 1550 1763 in
1570 1689 1744 1787 premislis
1771 1695 1874 1766 bonis

525 1809 702 1880 dictorum
729 1804 977 1901 episcoporum
1003 1812 1166 1895 tempore
1191 1805 1311 1876 obitus
1337 1827 1460 1876 eorum
1486 1804 1759 1898 quomodolibet
1775 1830 1874 1878 eom-

524 1923 675 2014 petebat
691 1916 776 2014 ipsrs
802 1915 976 2011 episeopis
994 1915 1039 1986 de
1055 1916 1172 2010 gratia
1195 1912 1339 2009 speciali
1365 1912 1536 1989 concellit
1557 1926 1666 2010 prout
1683 1919 1719 1988 in
1740 1918 1873 1990 litteris

524 2034 721 2104 autenticis
746 2029 832 2100 inde
853 2027 1026 2099 confectis
1044 2027 1127 2098 ditti
1155 2027 1276 2099 Dauid
1301 2030 1395 2123 regis
1419 2025 1535 2123 sigillo
1552 2031 1703 2101 munitis
1728 2030 1872 2124 plenius

523 2146 755 2215 continetur·
769 2139 891 2223 Quare
909 2160 974 2231 pro
987 2147 1090 2232 parte
1103 2140 1278 2211 dittorum
1294 2139 1538 2234 episcoporum
1553 2142 1656 2212 nobis
1669 2143 1741 2213 suit
1754 2144 1873 2214 humi-

523 2255 610 2328 liter
624 2251 865 2347 supplicatum
880 2260 920 2322 vt
933 2250 1136 2322 huiusmodi
1150 2247 1361 2324 concessioni
1380 2275 1444 2346 per
1461 2253 1596 2324 ditum
1611 2252 1732 2325 Dauid
1746 2279 1869 2350 regem

522 2368 616 2439 roae
646 2365 756 2436 robur
785 2363 1070 2435 confirmationis
1100 2365 1254 2435 adiicere
1286 2387 1368 2435 cum
1400 2361 1629 2457 supplecione
1660 2366 1869 2438 defectuum

521 2476 549 2550 sr
567 2481 630 2572 qui
649 2474 767 2547 forsan
785 2476 823 2545 in
841 2497 886 2547 ea
901 2476 1168 2547 interuenerint
1185 2477 1231 2546 de
1249 2475 1475 2571 benignitate
1491 2474 1689 2570 apostoliea
1705 2479 1871 2573 dignare·

520 2613 604 2661 mur
640 2627 649 2644 ·
687 2587 768 2658 Nos
797 2587 919 2679 itaque
946 2585 1148 2658 huiusmodi
1180 2585 1501 2680 supplicationibus
1535 2585 1698 2660 inclinati
1726 2588 1871 2662 conces-

520 2700 656 2773 sroncm
676 2697 787 2793 ipsam
806 2721 871 2792 per
888 2700 1023 2770 dittum
1043 2698 1163 2769 Dauid
1192 2722 1311 2794 regem
1330 2699 1375 2768 dc
1393 2694 1593 2768 huiusmodi
1614 2700 1692 2770 iure
1711 2699 1751 2786 (sr
1771 2705 1866 2794 quod

520 2811 583 2885 sibi
603 2815 640 2884 in
667 2812 773 2883 dietis
790 2812 894 2882 bonis
911 2811 1111 2882 eorundem
1137 2807 1382 2905 episcoporum
1400 2809 1646 2902 competebat)
1666 2811 1794 2881 sanam
1814 2836 1869 2884 ra·

519 2938 595 2996 tam
615 2924 793 2996 babentes
810 2933 847 2994 et
857 2932 996 3018 gratam
1013 2944 1092 2993 eam
1107 2924 1319 2993 auctoritato
1333 2917 1527 3014 apostolica
1540 2945 1586 2992 cx
1601 2934 1700 2993 certa
1717 2920 1868 2996 scicntia

519 3050 646 3108 tenorc
665 3032 885 3130 presentium
905 3035 1160 3107 confirmamus
1173 3045 1211 3106 et
1225 3030 1398 3128 presentis
1415 3029 1535 3126 scripti
1552 3036 1752 3127 patrocinio
1770 3059 1867 3106 conr-

518 3151 704 3219 munimus
731 3145 941 3240 supplentes
961 3169 1107 3218 omnem
1134 3146 1317 3219 ‹lefeclurn
1335 3140 1361 3214 sr
1379 3145 1458 3236 quis
1483 3141 1599 3216 forsan
1626 3147 1865 3220 interucnerit

518 3263 554 3330 in
569 3260 697 3331 codem
710 3297 719 3314 ·
731 3257 837 3328 Nulli
856 3280 942 3353 ergo
959 3257 1307 3329 omninolronrinum
1326 3257 1434 3328 liccat
1447 3257 1539 3328 hanc
1558 3259 1724 3352 paginam
1744 3257 1864 3332 nostre

516 3369 806 3444 confirmacionis
817 3369 1115 3440 commonicionis
1133 3381 1171 3440 et
1189 3367 1428 3464 supplecionis
1445 3369 1640 3463 infringere
1658 3369 1715 3440 rel
1728 3372 1761 3441 ci
1775 3371 1861 3442 aulis

519 3484 711 3555 temerario
738 3481 919 3552 contraire
946 3477 972 3550 sr
1001 3482 1081 3572 quis
1115 3491 1238 3552 autem
1263 3481 1331 3552 boc
1365 3490 1584 3574 attemptare
1610 3478 1863 3576 presumpserit

515 3595 807 3690 indignationem
834 3595 1095 3686 omnipotentis
1114 3591 1184 3663 Dci
1202 3603 1240 3664 et
1257 3595 1445 3664 beatorum
1466 3591 1563 3664 l'ctri
1582 3605 1619 3663 et
1640 3593 1744 3665 Pauli
1762 3596 1863 3689 apos-

515 3707 674 3778 tolorum
688 3707 767 3776 cius
785 3701 821 3776 se
839 3705 982 3774 nouerit
1002 3703 1226 3776 incursurum
1243 3745 1251 3762 ·
1272 3703 1369 3774 Doto
1386 3703 1579 3775 Auinconc
1593 3703 1677 3776 Kal.
1696 3706 1859 3801 Januarij

514 3818 749 3914 pontificatus
767 3814 877 3887 nostri
895 3838 991 3888 anno
1009 3818 1125 3909 primo
1142 3857 1150 3874 ·
1171 3815 1250 3888 Nos
1267 3817 1377 3912 igitur
1394 3817 1580 3909 cupientes
1599 3829 1638 3887 rt
1656 3817 1859 3892 huiusmodi

514 3924 691 4003 concessio
725 3951 790 4022 per
820 3929 958 4000 dittum
992 3951 1114 4024 regem
1144 3941 1184 4000 vt
1217 3928 1442 4022 premittitur
1474 3927 1567 3999 satta
1600 3928 1861 4004 inuiolabiliter

514 4040 727 4115 obseruetur
752 4052 792 4112 ct
816 4049 1010 4134 propterea
1038 4041 1200 4112 volentes
1227 4063 1290 4134 per
1314 4035 1433 4110 nostre
1451 4039 1681 4132 prouidcncic
1700 4041 1856 4118 studium

513 4166 736 4250 oportunum
754 4153 792 4222 in
809 4153 877 4224 bao
894 4164 997 4246 parte
1018 4154 1216 4226 remedium
1242 4153 1411 4224 adhibere
1428 4176 1493 4247 per
1508 4149 1704 4248 apostolica
1727 4154 1859 4252 scriptu

513 4267 728 4340 mandamus
747 4276 929 4358 quatenus
954 4287 1018 4337 sos
1044 4267 1114 4338 duo
1132 4276 1196 4338 aut
1213 4288 1304 4337 mus
1325 4262 1482 4337 restrum
1508 4288 1651 4360 perros
1669 4265 1726 4337 vel
1744 4266 1857 4340 alium

507 4377 575 4466 ‚seu
592 4377 682 4451 alios
698 4371 963 4450 concessionem
981 4377 1183 4450 huiusmodi
1201 4401 1266 4472 per
1282 4401 1347 4450 nos
1364 4389 1403 4450 vt
1422 4379 1645 4472 premittitur
1669 4379 1858 4453 confirma·

512 4503 590 4564 tam
600 4490 742 4563 faciatis
752 4489 969 4562 auetoritate
981 4487 1175 4585 apostolica
1184 4488 1381 4583 supmditta
1393 4487 1650 4561 inuiolabiliter
1660 4487 1858 4565 obseruari·

512 4601 796 4675 contradibtores
822 4599 1001 4696 quossibet
1027 4614 1066 4676 et
1090 4601 1244 4675 rebelles
1268 4602 1481 4674 auctoritate
1502 4600 1660 4695 predicto
1685 4626 1750 4697 per
1773 4630 1858 4680 oen-
