4612 5964
503 785 586 879 xe]
976 786 1385 860 aaanuonnuss.
1813 802 1858 872 rs

501 1093 557 1165 De
574 1117 667 1188 pena
685 1120 757 1168 non
775 1095 1012 1172 residentium
1031 1111 1071 1172 et
1088 1101 1135 1171 de
1152 1099 1260 1169 modo
1279 1095 1434 1167 faciendi
1452 1092 1681 1169 residentiam
1700 1110 1739 1172 et
1757 1101 1854 1172 horis

540 1203 768 1280 interessendi
786 1218 826 1281 et
844 1211 1021 1282 varietate
1038 1211 1231 1283 habituum
1249 1209 1355 1277 iuxta
1373 1209 1547 1300 temporis
1564 1213 1786 1305 exigentiam
1806 1251 1814 1268 ·

499 1428 593 1502 Item
611 1434 707 1524 quod
725 1430 902 1506 statutum
930 1431 985 1505 est
1011 1433 1057 1503 de
1083 1431 1235 1524 septima
1256 1453 1329 1500 non
1356 1425 1591 1502 residentium
1611 1427 1715 1506 simili
1743 1438 1851 1507 modo

497 1555 691 1615 renovetur
716 1568 800 1616 oum
831 1547 1037 1616 iuramento
1063 1551 1101 1614 et
1129 1542 1225 1634 quod
1251 1537 1400 1635 singulis
1427 1544 1532 1614 anuis
1557 1543 1762 1617 declaretur
1787 1571 1853 1640 per

496 1655 695 1747 capitulum
713 1658 794 1749 quis
811 1651 982 1728 censetur
1006 1650 1167 1725 residens
1185 1662 1223 1723 et
1241 1653 1322 1744 quis
1338 1675 1412 1723 non
1430 1661 1470 1723 et
1486 1675 1580 1746 pena
1598 1655 1779 1727 limitetur
1804 1659 1849 1730 ad

496 1765 665 1840 fabricam
683 1762 835 1840 ecclesie
853 1763 963 1858 rsque
981 1765 1026 1836 ad
1045 1762 1238 1858 septimam
1256 1763 1302 1834 ad
1320 1765 1442 1834 minus
1460 1803 1468 1820 ·

496 1875 590 1949 Item
619 1874 796 1950 statutum
814 1873 982 1969 estquod
1002 1877 1163 1948 decanus
1188 1885 1317 1948 cantor
1342 1874 1579 1946 cancellarius
1606 1875 1847 1950 thesaurarius

495 1991 598 2061 iuxta
620 2001 661 2060 et
684 1987 884 2061 seeundum
915 1989 1066 2080 antiqua
1094 1983 1231 2059 statuta
1256 1983 1436 2058 resideant
1462 1996 1501 2058 et
1525 1987 1654 2080 reliqui
1680 1993 1845 2063 canonici

494 2097 727 2172 consimiliter
742 2108 852 2192 prout
869 2100 906 2170 in
924 2100 1084 2193 antiquis
1102 2096 1249 2172 statutis
1266 2109 1416 2171 cavetur
1433 2094 1538 2170 simul
1557 2100 1614 2171 vel
1638 2102 1849 2196 interpolla-

494 2213 559 2280 tim
585 2213 638 2284 ita
663 2211 759 2304 quod
786 2207 959 2304 peretto
986 2213 1063 2283 dies
1089 2211 1133 2284 ad
1160 2213 1281 2283 minus
1308 2207 1413 2282 simul
1440 2205 1593 2284 resideat
1619 2225 1658 2284 et
1686 2209 1735 2285 fic
1760 2239 1846 2286 con-

492 2321 709 2414 sequenter·

494 2432 541 2504 Et
560 2434 655 2527 quod
673 2432 828 2527 quilibet
854 2436 1050 2506 eanonicus
1074 2445 1240 2528 tempore
1266 2435 1439 2506 introitus
1463 2432 1516 2506 sui
1543 2436 1587 2506 ad
1613 2431 1844 2509 residentiam

465 2623 469 2628 ¹
492 2555 662 2618 teneatur
677 2543 714 2617 se
731 2542 939 2639 presentare
957 2545 1095 2617 decano
1112 2544 1174 2616 uel
1191 2546 1317 2616 maiori
1344 2547 1519 2619 canonico
1539 2544 1708 2618 residenti
1726 2549 1763 2619 iu
1782 2549 1844 2620 sua

490 2653 653 2728 absentia
664 2655 722 2728 rel
741 2657 967 2749 procuratori
984 2655 1146 2750 generali
1164 2655 1315 2748 eapituli
1330 2653 1355 2728 si
1370 2657 1452 2747 quis
1469 2657 1577 2728 suerit
1595 2679 1661 2750 pro
1677 2667 1844 2753 tempore

490 2765 707 2839 constitutus
724 2806 732 2824 ·
752 2775 790 2837 et
809 2769 847 2837 in
866 2766 925 2836 die
942 2764 993 2837 sui
1020 2767 1192 2836 introitus
1218 2787 1351 2836 nornen
1370 2763 1473 2837 suum
1492 2768 1528 2837 in
1549 2766 1639 2838 libro
1656 2774 1841 2842 communi

489 2878 655 2950 manibus
680 2878 833 2972 propriis
849 2874 911 2949 seu
927 2874 980 2948 sui
1008 2878 1251 2970 procuratoris
1276 2873 1431 2949 seribere
1456 2888 1604 2950 tenetur
1621 2875 1787 2954 suniliter
1803 2895 1842 2954 et

490 2991 524 3059 in
544 2990 602 3061 die
621 2987 671 3060 sni
696 2984 850 3060 recessus
875 2985 1029 3060 seribere
1056 2988 1167 3060 debet
1185 3026 1194 3044 ·
1211 3011 1282 3081 que
1309 2986 1441 3082 scripta
1466 2985 1640 3061 sufficient
1658 2991 1703 3062 ad
1723 2990 1842 3066 osten-

489 3096 621 3172 sionem
652 3101 713 3172 sue
744 3094 943 3172 resideneie
968 3124 1037 3172 nee
1063 3100 1186 3192 aliqua
1210 3099 1282 3172 alia
1308 3100 1474 3192 probatio
1504 3097 1613 3194 ipsius
1642 3097 1841 3177 resideneic

487 3212 737 3283 admittetur·
766 3210 817 3282 Et
848 3212 943 3303 quod
977 3211 1127 3305 incipiat
1157 3209 1256 3282 suam
1289 3207 1518 3283 residentiam
1547 3214 1583 3282 in
1611 3210 1701 3284 sesto
1727 3214 1838 3287 llantti

489 3321 681 3396 Michaelis
705 3334 814 3416 prout
832 3318 1008 3394 statutum
1033 3319 1143 3393 estin
1163 3323 1322 3414 antiquis
1345 3319 1384 3393 et
1407 3323 1469 3416 qui
1496 3345 1567 3392 non
1594 3331 1837 3417 comparuerit

487 3437 521 3505 in
540 3434 635 3507 (litto
652 3429 743 3506 festo
769 3456 835 3526 pro
861 3432 924 3504 illo
950 3455 1046 3504 anno
1072 3457 1146 3503 non
1173 3429 1381 3505 censebitur
1404 3428 1559 3504 reddere
1585 3458 1652 3505 nec
1676 3437 1720 3506 ad
1740 3461 1838 3508 eom-

487 3567 631 3618 munem
654 3546 854 3618 illiusauni
876 3545 1120 3615 admittetur·
1140 3556 1178 3615 et
1196 3557 1323 3616 eontra
1350 3544 1417 3615 boc
1444 3542 1619 3616 statutum
1648 3546 1746 3617 nulla
1774 3551 1836 3621 sict

485 3654 699 3752 dispensatio
717 3697 726 3714 ·
746 3655 796 3727 Et
813 3657 910 3749 quod
928 3654 1083 3748 quilibet
1101 3657 1298 3728 canonicus
1317 3668 1480 3749 tempore
1498 3653 1559 3728 sue
1577 3654 1773 3730 residencie
1792 3658 1837 3732 sit

486 3767 631 3865 lingulis
659 3767 846 3841 ferialibus
873 3768 1001 3839 diebus
1032 3770 1068 3838 in
1098 3791 1167 3839 rna
1197 3768 1285 3839 liora
1310 3768 1354 3838 ad
1381 3768 1502 3837 minus
1528 3805 1537 3824 ·
1564 3769 1601 3837 io
1630 3768 1836 3862 duplicibus

483 3895 605 3954 autern
624 3877 723 3952 sestis
746 3881 875 3952 duabis
897 3880 994 3950 boris
1013 3874 1056 3950 srt
1084 3882 1120 3950 in
1140 3879 1250 3952 choro
1268 3879 1305 3948 in
1325 3877 1451 3948 babitu
1470 3877 1614 3950 decenti
1641 3879 1779 3954 scilieet
1797 3885 1835 3954 in

483 3992 732 4087 superpellicio
753 4002 792 4064 et
818 3988 969 4064 almulio
995 4002 1162 4084 tempore
1187 4013 1259 4081 quo
1280 3983 1471 4059 almutium
1499 3999 1666 4082 portatur
1691 3993 1727 4062 in
1754 3993 1835 4064 aliis

483 4126 567 4175 vero
593 4104 819 4198 temporibus
845 4105 881 4173 in
907 4103 1038 4195 quibus
1064 4097 1225 4174 almusris
1250 4122 1323 4172 non
1343 4109 1497 4170 utuntur
1513 4102 1550 4171 in
1569 4124 1682 4196 cappa
1704 4105 1834 4200 nigra·

485 4215 532 4288 Et
549 4218 645 4310 quod
664 4215 787 4288 nullus
803 4217 1060 4287 canonicorum
1087 4213 1318 4307 intelligatur
1333 4206 1489 4282 residere
1507 4208 1571 4283 uisi
1590 4210 1757 4306 premissa
1773 4218 1837 4288 ob-

482 4327 600 4400 seruat
618 4367 626 4384 ·
645 4341 683 4399 et
703 4325 869 4399 similiter
894 4328 990 4398 intra
1016 4326 1207 4398 canoniam
1235 4323 1412 4416 prandeat
1429 4332 1469 4393 et
1487 4322 1644 4396 dormiat
1670 4337 1836 4419 tempore

482 4437 543 4511 sue
568 4436 765 4512 resideneie
788 4434 837 4509 ste
861 4441 1043 4511 durante·
1064 4435 1140 4509 Sed
1165 4445 1345 4529 quantum
1371 4432 1416 4505 ad
1443 4437 1636 4507 eanonieos
1661 4439 1837 4511 continue

482 4549 677 4624 rcsrdentes
694 4549 866 4622 nolumus
881 4550 937 4621 ita
954 4547 1076 4621 stride
1093 4545 1248 4620 extendi
1265 4585 1274 4604 ·

532 4795 614 4845 l'OL.
634 4795 674 4844 ll.
1106 4821 1108 4826 ·
1154 4791 1177 4840 K
