4564 5968
481 799 583 897 xva]
948 801 1352 878 ABERDONENSE.
1751 811 1817 879 191

528 987 710 1096 Imprimis
727 1007 959 1099 pereundam
977 1005 1164 1075 dominum
1183 999 1384 1096 episeopum
1397 1020 1466 1068 vna
1482 1020 1594 1090 eappa
1606 998 1677 1068 albi
1691 999 1818 1070 coloris

477 1138 523 1186 ex
541 1137 628 1186 auro
639 1117 761 1189 textili
779 1118 902 1213 ampla
912 1127 951 1190 et
969 1115 1044 1187 lata
1061 1115 1190 1188 decora
1206 1124 1245 1184 et
1262 1107 1433 1184 honesta·

529 1225 623 1298 Item
641 1251 706 1322 per
716 1231 874 1302 eundem
893 1238 1050 1322 quatuor
1066 1248 1179 1318 cappe
1195 1247 1239 1294 ex
1259 1218 1344 1293 hillo
1357 1220 1516 1314 palmata
1531 1219 1592 1292 seu
1606 1219 1817 1295 damascena

477 1361 558 1409 cum
578 1338 727 1437 limbrijs
744 1343 861 1414 aureis
887 1338 1009 1412 oalirla
1024 1338 1149 1408 tunica
1165 1345 1203 1406 et
1229 1332 1420 1404 dalmatica
1444 1330 1576 1424 absque
1593 1331 1684 1404 albis
1708 1338 1816 1406 amir-

476 1451 523 1521 tis
540 1447 638 1524 stolis
654 1463 719 1525 aut
736 1450 931 1545 manipulis
949 1471 991 1520 ae
1017 1445 1236 1541 paramentis
1255 1443 1319 1514 vsu
1345 1445 1558 1515 inueteratis
1583 1445 1721 1516 incuria
1739 1443 1815 1515 cns-

476 1563 602 1635 todum
619 1576 659 1638 et
675 1561 819 1638 sacriste
836 1602 844 1619 ·

526 1674 619 1748 ltem
639 1699 710 1750 vna
726 1697 842 1768 eappa
858 1668 1018 1744 eiusdem
1036 1668 1164 1742 eoloris
1179 1691 1243 1761 per
1260 1667 1438 1760 quondam
1457 1668 1629 1737 redieram
1647 1669 1693 1737 de
1713 1667 1815 1738 llnr-

475 1787 599 1860 tlrelek
616 1785 827 1883 magistrum
845 1782 1045 1876 Georgium
1064 1779 1214 1852 Femen'
1234 1820 1241 1836 ·

526 1899 621 1973 Item
649 1923 713 1994 per
742 1896 966 1971 antedittum
1001 1889 1206 1986 episcopum
1238 1892 1309 1964 duo
1341 1892 1559 1986 antependia
1592 1915 1638 1963 ex
1666 1907 1812 1964 textum

474 2011 595 2106 oppidi
614 2001 869 2082 Atrabatensns
885 2013 973 2076 ante
991 2012 1030 2074 et
1046 2015 1144 2076 retro
1161 2027 1224 2100 pro
1242 2001 1379 2076 summo
1396 2005 1499 2078 altari
1519 2048 1527 2063 ·

526 2123 620 2195 ltem
635 2145 700 2216 per
717 2119 875 2190 eundem
891 2139 963 2188 vna
979 2116 1120 2210 capella
1131 2141 1176 2189 ex
1194 2117 1264 2189 filis
1281 2115 1399 2189 sericis
1410 2113 1521 2204 instar
1530 2117 1637 2188 eokl'e
1651 2141 1734 2189 curn
1746 2141 1815 2190 vna

472 2233 592 2308 ralirla
607 2235 733 2304 tunica
750 2242 789 2301 et
806 2229 1002 2301 dalmatica
1017 2225 1077 2300 sed
1094 2226 1226 2322 absque
1240 2231 1456 2324 paramentis
1473 2226 1572 2300 stolis
1599 2243 1637 2301 et
1651 2233 1814 2324 manipu-

473 2348 516 2418 lis
532 2361 643 2438 atque
660 2343 752 2415 albis
766 2381 774 2397 ·

524 2457 729 2529 Vndeeimo
756 2476 827 2524 vna
852 2449 973 2524 casula
997 2451 1082 2524 alba
1108 2474 1173 2545 pro
1200 2451 1466 2547 quadragelima
1490 2452 1623 2544 abl'que
1650 2451 1747 2526 stolis
1773 2473 1809 2524 et

472 2567 665 2662 manipulis
682 2567 778 2636 dono
796 2562 947 2659 capituli
966 2586 1013 2635 ex
1031 2559 1191 2634 fusteno·

523 2681 616 2752 Item
643 2701 712 2749 vna
729 2673 848 2749 casula
864 2696 948 2748 eum
975 2676 1100 2748 tunica
1125 2685 1163 2746 et
1181 2674 1372 2746 dalmatica
1388 2696 1472 2745 eum
1499 2672 1597 2746 stolis
1620 2680 1812 2772 manipulis

470 2793 562 2865 albis
586 2791 727 2863 amittis
744 2798 783 2860 et
801 2785 950 2884 singulis
964 2784 1122 2860 eiusdem
1142 2788 1359 2880 paramentis
1372 2807 1417 2856 ex
1437 2786 1509 2857 tela
1537 2787 1706 2860 undelnta
1723 2789 1812 2860 rolin

470 2903 598 2975 eoloris
629 2901 723 2972 dono
750 2912 989 2973 executurum
1016 2893 1173 2992 magistri
1199 2896 1326 2970 Jacobi
1346 2895 1501 2992 Lindlay
1518 2902 1680 2971 canonici
1699 2905 1808 2974 rroati

472 3039 534 3109 pro
553 3029 716 3108 tempore
736 3051 744 3068 ·

523 3126 747 3197 Duodecimn
779 3147 843 3218 per
868 3121 1084 3196 Villelmum
1111 3122 1259 3194 Steuart
1286 3121 1489 3217 episcopum
1513 3123 1807 3198 Aberdnrwnlem

471 3253 544 3309 tres
556 3251 697 3331 tapetes
707 3259 772 3330 pro
784 3235 867 3307 l'ede
878 3231 1069 3329 episcopali
1081 3256 1127 3305 ex
1140 3233 1256 3305 telaV
1258 3235 1428 3308 eneeiana
1438 3238 1582 3331 egregie
1592 3252 1630 3309 et
1643 3237 1808 3311 honeste·

524 3349 616 3420 ltem
636 3349 731 3419 dono
743 3345 905 3420 eiuldem
925 3368 995 3417 vna
1015 3345 1155 3439 capella
1164 3347 1265 3440 nigra
1281 3345 1437 3440 palmata
1450 3351 1640 3421 continens
1652 3351 1807 3423 ralirlam

471 3464 629 3533 trrrrirmn
648 3472 687 3530 et
704 3459 936 3530 dalmaticam
954 3455 1014 3529 sed
1029 3457 1200 3530 fabricata
1213 3457 1413 3552 lumptlbus
1430 3459 1578 3554 capituli
1596 3485 1677 3533 curn
1695 3465 1808 3533 trilme

470 3575 560 3645 albis
586 3586 623 3645 et
641 3573 796 3644 totidem
814 3567 957 3644 amidlis
974 3579 1013 3642 et
1030 3570 1180 3660 limbrijs
1197 3567 1315 3642 sericis
1326 3571 1519 3643 eorundem
1539 3615 1547 3630 ·

524 3686 614 3756 ltem
633 3683 704 3756 alia
721 3707 813 3754 zona
829 3679 942 3754 serica
966 3703 1049 3754 cum
1066 3681 1222 3777 globulis
1239 3705 1325 3753 auro
1343 3680 1523 3776 l'ericnque
1541 3727 1549 3742 ·

523 3797 616 3868 ltem
636 3797 652 3892 [
757 3792 774 3890 ]
793 3794 864 3866 alie
881 3816 1030 3865 zoneex
1049 3793 1120 3866 lilis
1136 3816 1200 3887 pro
1211 3794 1420 3886 quotidiano
1440 3795 1613 3870 lemicio·

521 3908 614 3980 ltem
629 3931 693 4002 pro
709 3906 921 4002 quotidiano
936 3903 999 3976 vsu
1017 3905 1165 4002 capituli
1180 3917 1309 3978 extant
1329 3917 1400 3979 tres
1411 3919 1553 3980 tantum
1572 3912 1653 3982 aliu·
1671 3929 1707 3985 et
1723 3919 1805 3986 tati-

469 4023 551 4091 «lem
566 4022 684 4091 amitti
704 4043 786 4091 eum
807 4015 906 4089 stolis
920 4017 1114 4112 manipulis
1132 4031 1170 4090 et
1188 4017 1267 4112 aliJs
1284 4023 1521 4110 paramentis·
