4590 5954
461 707 504 778 16
976 698 1281 774 REGISTRUM
1646 704 1795 801 [sucum

458 927 522 998 per
550 903 764 978 sententiam
800 903 912 976 latam
942 927 965 974 a
995 921 1133 972 canone
1167 896 1241 992 ipso
1272 899 1364 970 sado
1394 896 1464 971 fint
1493 905 1793 975 excommunicati

457 1018 669 1089 auctoritate
694 1017 893 1088 eorundem
917 1034 1099 1088 canonum
1116 1020 1155 1083 et
1172 1011 1314 1104 concilij
1332 1011 1557 1084 decreuimus
1581 1037 1641 1086 eos
1664 1015 1793 1088 debere

456 1131 785 1201 excommunicatos
802 1127 948 1222 publice
966 1125 1177 1198 denunciari
1195 1165 1202 1180 ·

761 1347 977 1422 XXXIIII.
1005 1348 1062 1421 De
1080 1349 1229 1421 decimis
1245 1357 1284 1420 et
1302 1347 1494 1442 primioijs·

454 1572 656 1648 statuimus
674 1573 868 1646 secundum
883 1573 1008 1644 diuine
1025 1572 1116 1668 legis
1132 1582 1172 1644 et
1188 1573 1344 1645 humane
1361 1581 1528 1668 precepta
1539 1569 1633 1662 quod
1652 1570 1788 1643 decime

453 1685 499 1757 de
523 1690 777 1780 omnibusque
806 1689 1028 1756 iunouentur
1047 1684 1239 1776 dequibus
1264 1685 1403 1758 decime
1429 1677 1574 1779 prestari
1599 1679 1732 1752 debent
1749 1693 1788 1752 vt

452 1797 497 1868 de
522 1797 628 1870 blado
653 1799 736 1869 seno
763 1795 836 1868 lino
855 1795 900 1866 de
923 1797 1015 1867 ortis
1031 1796 1077 1867 de
1099 1792 1316 1868 molendinis
1339 1797 1385 1868 de
1409 1793 1566 1890 piscarijs
1587 1793 1632 1864 de
1655 1791 1787 1864 fetibus

449 1907 658 1980 animalium
687 1907 769 1978 lana
796 1905 888 1978 lacte
916 1901 1028 1976 caseis
1044 1928 1261 1999 quocunque
1286 1916 1449 2002 tempore
1466 1907 1554 1980 iiaut
1579 1903 1687 2000 pullis
1709 1905 1786 1974 ouis

451 2021 698 2114 negociatione
715 2017 908 2090 venatione
934 2011 1024 2087 iiiuc
1048 2016 1164 2087 oedua
1188 2017 1233 2088 de
1259 2019 1432 2090 fructibus
1457 2019 1622 2092 arborum
1646 2029 1684 2090 ct
1706 2016 1785 2109 aiijs

449 2128 648 2202 huiusmodi
667 2132 807 2223 intcgre
824 2123 1077 2220 persoluentur
1092 2127 1162 2218 hijs
1179 2128 1223 2198 ad
1241 2151 1331 2220 quos
1348 2132 1526 2220 pertinere
1542 2127 1736 2202 noscuntur
1751 2169 1759 2184 ·

807 2347 978 2420 XXXV.
1008 2347 1065 2418 De
1082 2349 1230 2420 decimis
1247 2361 1406 2420 ortorum
1426 2391 1432 2405 ·

447 2574 509 2647 Ad
533 2574 599 2646 hec
617 2574 842 2646 dcccmimus
859 2573 956 2665 quod
974 2573 1117 2646 decime
1141 2583 1300 2644 ortorum
1319 2575 1356 2644 in
1374 2572 1583 2644 ciuitatibus
1599 2585 1637 2644 et
1661 2574 1781 2670 burgis

446 2689 491 2760 ad
520 2709 771 2780 quamcunque
805 2684 986 2757 culturam
1020 2685 1231 2780 redigantur
1263 2686 1308 2756 ad
1343 2685 1509 2757 vicariam
1545 2687 1780 2778 pertincant·

446 2799 585 2872 decime
603 2820 687 2871 vcro
711 2807 871 2869 ortorum
889 2797 927 2867 in
947 2796 1043 2868 uillis
1068 2819 1133 2891 pro
1150 2819 1222 2890 qua
1247 2807 1348 2890 parte
1373 2797 1507 2868 suerint
1531 2797 1576 2870 sd
1601 2797 1779 2870 culturam

446 2908 575 3006 sugetis
599 2910 730 2982 rededi
755 2909 803 2980 ad
830 2903 1017 3002 personam
1046 2909 1252 3003 pertineant
1270 2919 1309 2980 et
1326 2931 1390 3003 pro
1414 2907 1484 2981 aiio
1508 2919 1609 3002 parto
1623 2911 1670 2982 ad
1688 2912 1781 2984 rica·

445 3023 537 3094 rium
556 3061 564 3077 ·
584 3021 695 3093 iinum
716 3043 800 3092 vcro
817 3019 1023 3111 vbicunque
1039 3016 1237 3090 seminatur
1252 3020 1297 3092 ad
1316 3021 1485 3090 vicarium
1502 3023 1680 3114 pertineat
1698 3063 1706 3080 ·

777 3239 969 3312 XXXVI.
998 3239 1055 3312 l)c
1072 3241 1220 3314 decimis
1239 3265 1424 3314 vaccarum
1444 3284 1451 3299 ·

445 3467 539 3541 ltcm
558 3469 603 3540 dc
623 3469 738 3540 mucis
754 3467 838 3537 fetis
854 3461 1048 3537 statuimus
1067 3477 1105 3534 vt
1122 3461 1148 3536 st
1166 3465 1211 3540 de
1228 3489 1350 3538 carum
1373 3465 1463 3538 lactc
1489 3489 1559 3538 nou
1577 3467 1640 3540 fiat
1656 3469 1775 3542 caseus

444 3579 500 3652 rei
525 3581 682 3652 butimrn
708 3600 772 3672 pro
789 3599 897 3650 vacca
924 3590 997 3647 tres
1014 3576 1150 3670 denarij
1175 3601 1238 3672 per
1262 3601 1395 3650 aunum
1419 3588 1458 3650 et
1480 3601 1546 3674 pro
1567 3583 1645 3652 eius
1662 3582 1775 3654 ritulo

443 3715 533 3764 vous
549 3691 715 3763 denarius
730 3689 856 3760 eodem
874 3711 971 3760 anuo
988 3711 1053 3782 pro
1070 3689 1210 3762 decima
1226 3691 1392 3784 exigatur
1408 3731 1416 3748 ·

795 3908 1010 3984 xxxvtt.
1038 3909 1095 3984 De
1111 3913 1260 3985 decimis
1276 3915 1398 3986 ouium
1417 3953 1426 3972 ·

441 4139 537 4212 item
565 4132 753 4210 statuimus
782 4135 828 4208 de
854 4135 986 4207 ouibus
1014 4135 1110 4230 quod
1141 4131 1166 4208 ii
1193 4159 1280 4210 oues
1305 4136 1363 4209 rel
1391 4149 1513 4212 cetera
1536 4137 1705 4216 animalia
1733 4143 1769 4214 in

439 4243 586 4324 diuerso
610 4247 784 4344 parochiis
808 4246 1002 4319 extiterint
1018 4269 1083 4340 per
1098 4245 1238 4323 diuersa
1263 4261 1424 4343 tempora
1440 4249 1599 4342 quelibet
1621 4248 1770 4326 ecclesa

438 4387 503 4459 pro
531 4373 609 4436 rata
636 4359 810 4454 temporie
838 4358 1017 4431 decimam
1050 4361 1225 4454 pereipiat
1251 4361 1338 4432 dum
1369 4371 1490 4434 tamen
1520 4362 1767 4457 parmensem

436 4479 616 4572 integrum
633 4473 678 4546 sd
700 4471 819 4544 minue
841 4471 879 4542 iu
902 4467 1056 4543 alicuius
1078 4473 1247 4567 parochia
1268 4469 1459 4548 steterint·
1477 4476 1622 4550 minoris
1643 4491 1767 4552 autem

435 4587 606 4681 temporis
635 4582 736 4658 nulia
763 4583 855 4658 ratio
881 4581 1060 4658 habeatur
1088 4581 1225 4660 onom
1251 4597 1373 4660 sotem
1402 4595 1480 4660 toto
1508 4599 1766 4685 temporeque
