4526 5954
495 774 598 870 m]
969 775 1377 851 nnnnnounusn.
1780 785 1851 851 ‘215

545 971 733 1072 Vigeiimo
746 975 850 1052 sexto
862 979 888 1052 J
890 981 965 1077 unij
981 976 1265 1052 anniuersarium
1278 1001 1343 1073 pro
1356 975 1547 1048 animabus
1557 971 1719 1069 magistri
1733 976 1851 1049 Alex-

495 1087 599 1160 andri
617 1085 783 1182 Spittaill
806 1089 957 1167 rollionis
982 1093 1030 1165 do
1054 1090 1140 1164 clat
1163 1099 1204 1162 et
1229 1097 1421 1184 parentum
1446 1086 1525 1158 eius
1545 1083 1649 1183 xxiiij
1671 1088 1702 1158 ἔ.
1721 1097 1761 1158 et
1784 1111 1849 1181 pro

492 1197 695 1292 pulsatione
717 1225 974 1300 campanarum
999 1214 1040 1279 et
1062 1202 1178 1276 cereis
1201 1198 1303 1296 xxxij
1331 1197 1368 1271 d.
1395 1197 1442 1270 do
1469 1198 1635 1270 interiori
1660 1193 1848 1270 mansione

492 1313 539 1384 do
555 1312 641 1387 Clat
657 1316 752 1389 infra
767 1318 958 1390 canoniam
974 1310 1290 1388 Abirdonensom·

756 1652 1060 1724 Auurunnsama
1077 1665 1216 1719 uanam
1232 1645 1257 1718 J
1261 1665 1341 1718 unu
1357 1665 1538 1718 rurum
1555 1686 1564 1704 ·

538 1876 655 1950 Sexto
672 1875 764 1968 Julij
782 1869 1068 1947 anniuersarium
1093 1894 1159 1965 pro
1184 1873 1306 1944 anima
1323 1866 1484 1967 magistri
1502 1867 1674 1970 Symonis
1701 1870 1843 1945 Doddis

489 1986 638 2062 motoris
663 1989 710 2059 do
727 1983 966 2057 Innemoohti
979 1978 1030 2079 xij
1049 1981 1079 2057 ἓ.
1098 1985 1145 2056 de
1161 1985 1269 2057 domo
1285 1981 1374 2056 olim
1398 1982 1539 2056 Thorno
1557 1981 1724 2057 Vatson'o
1742 2009 1841 2058 nunc

485 2099 666 2174 Johannis
694 2097 780 2169 Mar
805 2097 845 2167 in
872 2097 953 2168 vino
978 2097 1161 2169 furcarum
1192 2090 1434 2168 Abirdonenfi
1465 2119 1513 2168 ex
1540 2107 1645 2190 parte
1669 2098 1837 2171 orientali

486 2211 646 2284 eiusdem
663 2211 827 2282 iacente·
845 2208 908 2301 qui
926 2207 1019 2282 obiit
1036 2233 1131 2282 nano
1150 2210 1300 2283 Domini
1317 2227 1576 2282 u.cccu.xcv1.

536 2323 676 2395 Eodem
703 2319 762 2392 dio
788 2317 1073 2393 anniuersarium
1089 2319 1251 2418 magistri
1267 2320 1446 2394 Johannia
1463 2319 1637 2393 Obnlmer
1653 2322 1741 2393 olim
1762 2323 1840 2395 suc·

485 2435 641 2508 centoris
659 2427 922 2504 Abirdoneniis
939 2455 965 2504 x
982 2435 1013 2506 ἓ.
1031 2434 1078 2506 de
1094 2430 1279 2508 manfiono
1296 2434 1343 2505 de
1360 2431 1620 2506 Innemochli·

536 2658 646 2731 Nono
675 2654 767 2749 Julij
799 2654 1085 2730 anniuersarium
1114 2678 1180 2750 pro
1215 2656 1335 2728 anima
1363 2654 1543 2730 Johannis
1576 2655 1714 2730 Stuerd
1747 2659 1835 2731 olim

484 2772 628 2845 comitis
645 2769 691 2840 de
717 2766 803 2839 Mar
820 2789 870 2839 xx
888 2767 918 2840 ἔ.
937 2768 983 2840 do
1008 2769 1125 2841 orosto
1143 2777 1272 2840 vocato
1289 2768 1368 2841 The
1384 2790 1506 2863 penny
1524 2769 1580 2865 rig
1596 2766 1657 2842 seu
1677 2774 1836 2843 oneratis

483 2884 578 2956 oroft
598 2881 751 2954 nuncin
769 2879 939 2953 manibna
954 2879 1160 2955 Alexandri
1177 2878 1267 2952 Soot
1291 2880 1470 2954 oaruiliois
1494 2881 1639 2954 iacente
1656 2905 1704 2956 ox
1731 2897 1836 2977 parte

485 2993 653 3069 orientali
670 2993 776 3089 burgi
794 2991 841 3065 de
858 2991 1049 3066 Abirdon·
1067 2994 1130 3086 qui
1147 2991 1239 3087 obijt
1255 3015 1353 3066 anno
1370 2990 1521 3066 Domini
1539 3013 1754 3067 mccccarc.

531 3219 685 3292 Decimo
710 3226 840 3310 quarto
855 3215 949 3312 Julij
972 3215 1257 3291 anniuersarium
1282 3240 1348 3313 pro
1372 3218 1563 3291 animabus
1589 3218 1726 3292 Adami
1746 3219 1834 3293 Pin-

480 3331 546 3426 gill
573 3329 709 3424 sueque
735 3329 857 3402 vxoria
879 3353 905 3399 v
929 3328 994 3402 liu.
1011 3329 1099 3424 xviij
1126 3329 1157 3402 ἔ.
1183 3330 1233 3424 iiij
1253 3326 1288 3402 d.
1315 3329 1362 3403 de
1388 3329 1506 3402 oroito
1532 3329 1711 3404 ditiorum
1739 3334 1833 3404 rion-

481 3445 615 3518 riorum
634 3439 785 3516 ecclesie
801 3440 1019 3516 oatbadralia
1035 3436 1298 3514 Abirdonensro
1321 3442 1465 3514 iacente
1480 3451 1589 3515 extra
1598 3453 1742 3536 portam
1762 3446 1831 3516 vici

480 3556 661 3629 furcarum
688 3550 960 3628 Aberdoueniia
992 3575 1091 3627 nunc
1121 3553 1159 3625 in
1186 3553 1353 3625 manibus
1378 3549 1527 3650 Georgij
1561 3553 1736 3626 Barbor·
1769 3559 1831 3648 qui

479 3668 650 3741 obierunt
665 3689 762 3740 anno
781 3664 931 3739 Domini
949 3683 1187 3738 moconxcu

530 3887 717 3988 Vigelimo
731 3890 758 3963 J
760 3890 824 3984 ulij
850 3887 1133 3963 anniuerliuium
1151 3911 1216 3984 pro
1232 3893 1354 3964 anima
1369 3886 1529 3988 magistri
1547 3891 1670 3965 Dauid
1687 3895 1829 3967 Setoun

478 4004 566 4077 olim
582 4005 730 4078 restoris
746 4003 793 4076 do
810 3999 977 4098 Baheluy
994 4000 1099 4100 xxiiij
1119 4004 1150 4075 ἓ.
1165 4003 1227 4096 qui
1244 3999 1337 4100 obijt
1353 4025 1450 4075 anno
1463 4001 1614 4077 Domini
1635 4004 1651 4101 [
1781 4004 1799 4101 ]
1818 4049 1827 4064 ·

479 4115 658 4189 dedomo
683 4112 1265 4208 videliootquondamWillelmi
1291 4111 1459 4188 Chesnlm
1487 4138 1586 4189 nuno
1616 4117 1754 4190 domini
1781 4121 1828 4192 de

478 4227 620 4302 Dronm
645 4229 788 4301 iacente
803 4228 842 4301 in
860 4227 940 4300 rino
952 4226 1136 4300 furnorum
1153 4223 1397 4300 Abirdonanii
1414 4249 1462 4300 ox
1478 4238 1584 4321 parte
1608 4229 1826 4303 occidentali

478 4337 637 4415 eiusdem
656 4334 744 4436 xviij
764 4341 796 4412 ἔ.
812 4349 852 4412 ot
868 4338 916 4412 do
932 4340 1041 4412 domo
1056 4337 1235 4413 Jobannio
1251 4335 1385 4433 Oromy
1401 4340 1439 4411 iu
1459 4337 1579 4436 Futyo
1596 4338 1631 4436 vj
1651 4341 1681 4412 ἔ.

527 4559 714 4661 Vigofimo
729 4564 848 4659 primo
862 4560 958 4661 Julij
978 4561 1261 4638 anniuersarium
1278 4585 1343 4658 pro
1359 4564 1629 4637 animadomini
1642 4564 1825 4640 Willelmi

477 4671 720 4774 Elphinstoun
737 4674 826 4749 olim
838 4677 987 4750 roboria
1004 4676 1051 4749 do
1068 4675 1154 4750 cut
1169 4671 1233 4773 xiij
1252 4675 1272 4747 'a'
1288 4669 1341 4771 iiij
1359 4672 1397 4747 d.
1414 4677 1477 4769 qui
1495 4672 1589 4772 obijt
1608 4675 1626 4773 [
1776 4679 1795 4776 ]
1815 4723 1823 4738 .
