4564 5968
479 643 547 709 180
991 629 1300 706 REGISTRUM
1667 629 1819 726 [sucum

476 839 667 914 eorundem
691 835 870 908 localium
895 828 1076 914 destruite
1092 827 1250 898 alienata
1275 836 1384 918 rupta
1409 834 1447 896 et
1472 826 1585 898 frasta
1609 850 1651 898 ae
1669 825 1818 898 detenta

476 950 618 1021 fuerant
636 951 672 1020 in
689 951 887 1020 animarum
901 940 1046 1012 suarum
1063 959 1138 1006 non
1151 938 1344 1008 minimum
1358 936 1560 1028 perieulum
1574 947 1613 1008 et
1630 939 1744 1008 tetius
1760 961 1818 1008 ee-

475 1057 582 1133 clesie
610 1062 807 1131 maximum
825 1049 1032 1126 scandalum
1058 1058 1098 1120 et
1119 1048 1380 1119 detrimentum
1408 1058 1534 1119 eontra
1559 1045 1675 1141 legem
1694 1049 1753 1120 dei
1778 1059 1816 1118 et

475 1171 629 1243 hominis
646 1168 876 1262 saeralegium
894 1161 1081 1255 publicum
1099 1160 1365 1231 committendo
1383 1169 1423 1229 vt
1439 1158 1534 1230 infra
1550 1159 1689 1252 patebit
1707 1201 1715 1216 ·

523 1283 567 1354 ln
585 1285 706 1377 primis
724 1301 814 1350 vnus
827 1275 922 1347 calix
940 1275 1082 1367 argenti
1095 1273 1211 1344 maior
1224 1266 1333 1364 ipsius
1351 1265 1501 1342 ecclesie
1519 1292 1602 1342 oum
1620 1281 1752 1363 patena
1768 1271 1813 1341 ab

472 1398 619 1488 antiquo
636 1387 816 1465 concellus
841 1385 1011 1479 ponderis
1028 1386 1182 1456 duarum
1199 1383 1373 1455 librarum
1400 1393 1439 1453 et
1464 1404 1598 1452 nouem
1626 1383 1810 1453 rueiarum

471 1507 626 1598 undique
644 1506 834 1575 deauratus
852 1537 859 1554 ·
1388 1553 1393 1565 .

519 1614 706 1689 Secundus
723 1611 817 1683 calix
835 1609 977 1702 argenti
995 1607 1191 1678 deauratus
1208 1629 1292 1678 eum
1310 1618 1446 1700 patena
1461 1607 1636 1678 deaurata
1652 1628 1699 1676 ex
1716 1605 1810 1676 anti·

469 1750 540 1819 quo
551 1723 712 1797 similiter
730 1720 896 1814 ponderis
914 1719 1018 1788 virius
1036 1715 1128 1789 libre
1144 1715 1284 1813 septem
1302 1721 1488 1792 viieiamm
1506 1760 1514 1775 ·

516 1839 657 1909 Tertius
674 1834 768 1906 calix
794 1853 876 1902 eum
894 1839 1028 1922 patena
1043 1833 1185 1924 argenti
1212 1833 1374 1904 deaurati
1403 1831 1570 1926 ponderis
1587 1853 1631 1902 ex
1659 1828 1807 1920 antiquo

466 1964 505 2021 vt
522 1948 625 2043 supra
636 1948 739 2016 rniiis
757 1942 847 2014 libre
866 1939 928 2012 sex
948 1941 1132 2014 vneiarum
1151 1983 1159 1998 ·

514 2061 671 2146 Quartus
688 2055 781 2128 calix
808 2075 891 2124 eum
917 2064 1050 2145 patena
1066 2056 1207 2148 argenti
1227 2056 1390 2127 deaurati
1408 2080 1455 2127 ex
1472 2056 1622 2148 antiquo
1639 2053 1806 2148 ponderis

466 2175 570 2244 vnius
588 2171 677 2242 libre
694 2176 848 2260 quatuor
864 2166 1049 2236 rneiarum
1067 2207 1075 2222 ·

511 2283 668 2368 Quintus
686 2278 780 2350 calix
799 2299 881 2348 oiim
899 2283 1033 2368 patena
1049 2300 1095 2350 ex
1113 2289 1266 2373 argente
1284 2277 1458 2351 deaurato
1476 2279 1572 2349 douo
1590 2277 1803 2350 venerabilis

463 2397 526 2466 riri
554 2387 709 2488 magistri
727 2387 929 2460 Alexandri
953 2385 1094 2461 Culane
1118 2389 1207 2462 olim
1234 2392 1381 2462 restoris
1398 2392 1444 2462 de
1462 2388 1568 2482 Oyne
1593 2412 1676 2460 oiim
1694 2390 1801 2460 arinis

460 2504 617 2578 eiusdem
634 2505 680 2575 de
696 2503 782 2574 data
793 2500 878 2571 anni
897 2497 1045 2571 Domini
1060 2492 1241 2573 millesimi
1261 2496 1539 2596 quingentesimi
1553 2496 1696 2593 septimi
1713 2521 1801 2594 pon·

458 2619 552 2690 deris
570 2619 717 2688 duarum
738 2613 909 2684 librarum
928 2613 1033 2683 unius
1050 2615 1156 2685 ineie
1174 2653 1182 2672 ·

507 2733 643 2803 Sextus
667 2726 761 2800 calix
787 2745 870 2796 eum
888 2733 1021 2817 patena
1046 2727 1188 2822 argenti
1210 2727 1373 2796 deaurati
1398 2726 1494 2796 dono
1512 2725 1606 2795 bone
1624 2723 1797 2794 memorie

457 2838 613 2935 magistri
626 2838 791 2910 Duneani
806 2833 959 2906 Selierar
972 2834 1059 2906 olim
1070 2837 1218 2908 redieris
1231 2837 1277 2908 de
1288 2836 1390 2908 Clatt
1401 2839 1446 2909 de
1454 2837 1541 2908 data
1551 2837 1635 2908 anni
1648 2833 1795 2906 Domini

456 2950 632 3024 millesimi
649 2941 989 3042 quadringentesimi
1008 2943 1228 3042 nonagesimi
1247 2950 1364 3020 oetam
1392 2949 1560 3042 ponderis
1578 2949 1682 3018 inlus
1705 2945 1795 3018 libre

454 3065 588 3159 septeni
608 3063 788 3132 riiciarum
808 3098 816 3114 ·

502 3177 684 3270 Septimus
700 3171 794 3242 calix
812 3193 894 3241 cmii
913 3179 1047 3263 patena
1059 3174 1199 3266 urgenti
1218 3172 1381 3244 deaurati
1393 3173 1488 3242 dono
1506 3173 1640 3244 domini
1658 3170 1794 3242 Joban·

450 3281 872 3376 iiislllalil'ouiicapellani
883 3283 929 3352 ile
942 3279 1031 3354 Fola
1040 3284 1209 3376 ponderis
1218 3286 1322 3354 rnius
1332 3282 1423 3354 libre
1434 3281 1571 3375 septem
1585 3284 1766 3356 roeiamm
1781 3323 1790 3338 ·

500 3399 657 3471 Ottauus
673 3395 768 3467 calix
785 3415 867 3464 eum
887 3405 1021 3486 patena
1043 3397 1184 3490 argenti
1203 3396 1366 3468 deaurati
1384 3397 1479 3466 dono
1495 3395 1707 3468 venerabilis
1725 3396 1789 3464 viri

449 3507 603 3607 magistri
618 3508 765 3578 Andree
778 3503 868 3598 Lyel
882 3504 968 3574 oliin
988 3504 1197 3602 thesaurarii
1217 3503 1488 3579 liberdunensis
1505 3508 1673 3602 ponderis
1685 3509 1789 3578 nnius

449 3626 538 3696 libre
555 3623 659 3693 rnius
677 3619 780 3690 rncie
798 3671 807 3688 .

497 3735 625 3808 Nonus
643 3731 735 3804 calix
756 3751 839 3802 eum
858 3740 991 3823 patena
1008 3731 1151 3826 argenti
1178 3731 1341 3804 deaurati
1365 3733 1461 3802 dono
1479 3731 1694 3804 venerabilis
1720 3733 1784 3803 viri

444 3843 600 3943 magistri
616 3843 793 3914 Joliannis
818 3840 986 3914 Flel'elier
1001 3841 1089 3914 olim
1107 3841 1313 3937 cancellarii
1333 3839 1602 3917 Aberdonensis
1618 3845 1785 3940 ponderis

444 3963 547 4031 vnius
564 3957 652 4028 libre
670 3956 780 4024 trium
798 3957 984 4026 rneiarum
1002 3977 1086 4027 eum
1112 3955 1338 4027 dimediata·

490 4071 661 4144 Decimus
678 4065 772 4138 calix
790 4087 873 4136 oiim
887 4077 1021 4160 patena
1036 4068 1178 4163 urgenti
1192 4067 1356 4140 deaurati
1372 4067 1467 4138 douo
1481 4067 1697 4140 venerabilis
1714 4069 1778 4140 siri

441 4180 598 4281 magistri
622 4177 824 4252 Alexandri
851 4175 1030 4270 Symsouu
1048 4177 1137 4250 olim
1161 4176 1351 4250 restorisa
1377 4176 1598 4274 lllonymolk
1623 4179 1670 4250 de
1695 4180 1780 4254 data

438 4299 523 4372 anni
536 4288 712 4367 millesimi
727 4285 1006 4384 quingentesimi
1020 4289 1152 4362 decimi
1164 4287 1257 4361 sexti
1274 4289 1443 4383 ponderis
1456 4292 1562 4363 ruins
1574 4289 1664 4364 libre
1676 4293 1780 4385 quio·

437 4411 554 4482 ileeim
571 4405 755 4476 vneiarum
772 4421 855 4472 cum
873 4399 1071 4474 dimediuta
1089 4401 1214 4474 vuela-

487 4515 669 4593 Postremo
685 4512 780 4587 calix
797 4509 967 4584 honestus
984 4515 1127 4608 argenti
1150 4534 1233 4586 eum
1252 4523 1386 4606 patena
1402 4514 1596 4587 deauratus
1609 4518 1776 4611 ponderis
