4526 5954
454 727 557 821 xv1.]
923 730 1326 805 ABERDONENSE.
1723 731 1792 794 251

504 925 602 999 Item
620 939 776 1022 quatuor
792 955 922 1027 cappas
939 955 1047 1006 vnum
1065 929 1219 1005 casulam
1236 953 1321 1005 cum
1338 932 1462 1000 tunica
1480 935 1518 996 et
1534 923 1728 995 dalmatica
1744 946 1792 995 ex

453 1036 651 1114 holoserico
675 1040 873 1139 crammelij
892 1068 975 1118 eum
991 1044 1072 1137 aliJe
1097 1044 1265 1115 omnibus
1286 1036 1569 1133 preparamentis
1585 1034 1630 1105 ad
1650 1029 1793 1106 easdem

452 1154 720 1242 pertinentibus
735 1193 745 1212 ·

501 1261 600 1336 Item
617 1276 693 1340 tres
710 1264 857 1340 tellenas
873 1265 934 1340 seu
951 1265 1032 1358 uela
1047 1286 1132 1336 eum
1147 1259 1285 1334 baculis
1310 1259 1609 1332 conuenientibus
1630 1281 1695 1352 pro
1712 1282 1795 1352 pro-

451 1371 615 1450 eeilmnis
632 1380 886 1452 decoramento
903 1419 912 1436 ·

502 1489 599 1563 Item
616 1503 773 1586 quatuor
788 1488 981 1562 tunicellas
992 1501 1058 1581 p'ro
1070 1485 1292 1578 ceroferanijs
1309 1496 1348 1556 et
1364 1483 1610 1576 thuribularijs
1624 1505 1695 1556 vna
1707 1508 1790 1556 eum

450 1604 605 1699 cappula
620 1627 686 1698 pro
703 1602 932 1676 cruciferario
950 1621 995 1669 ex
1013 1593 1103 1670 biiso
1119 1599 1340 1669 mixtuario·

500 1712 598 1788 Item
615 1716 815 1787 tentorium
831 1712 877 1782 ad
895 1709 1130 1782 deferendum
1147 1705 1252 1804 super
1277 1708 1472 1782 venerabili
1490 1706 1713 1780 sacramento
1744 1731 1790 1780 ex

448 1823 538 1898 hillo
555 1823 680 1899 villoso
705 1823 897 1897 iacinttino
914 1843 998 1893 eum
1023 1821 1242 1917 imaginibus
1266 1821 1414 1914 pitturis
1440 1831 1479 1891 et
1504 1819 1688 1913 scripturis
1705 1843 1792 1893 con·

449 1938 682 2010 uenientibus
698 1957 746 2007 ex
763 1956 850 2006 auro
868 1931 993 2005 textili
1007 1929 1092 2006 satis
1108 1930 1270 2029 precioso
1295 1955 1378 2004 eum
1405 1930 1544 2005 baculis
1560 1940 1599 2002 et
1615 1927 1791 2004 sustenta·

447 2050 540 2122 culis
556 2050 603 2121 ad
618 2043 822 2119 huiusmodi
840 2047 1038 2116 tentorium
1054 2047 1321 2139 pertinentibus
1335 2085 1343 2102 ·

498 2159 596 2232 Item
613 2168 780 2252 preterea
796 2167 950 2249 quatuor
966 2180 1098 2252 cappas
1117 2180 1225 2232 vnam
1242 2154 1399 2233 casulam
1417 2178 1500 2230 cum
1516 2160 1642 2229 tunica
1657 2167 1698 2229 et
1714 2158 1792 2230 dal-

447 2273 582 2343 matiea
597 2291 644 2342 ex
662 2263 753 2340 bilso
776 2264 900 2339 villoso
925 2269 1116 2341 incinitino
1133 2280 1172 2342 et
1188 2271 1344 2343 totidem
1368 2291 1499 2364 cappas
1523 2265 1679 2342 casulam
1706 2293 1790 2342 eum

447 2380 622 2454 tunicella
638 2391 678 2452 et
694 2380 888 2452 dalmatica
912 2403 959 2452 ex
984 2377 1071 2452 billo
1089 2380 1215 2454 villoso
1240 2376 1379 2477 prasino
1395 2377 1457 2453 seu
1475 2381 1578 2452 viridi
1596 2405 1682 2455 cum
1698 2383 1791 2455 albis

445 2495 570 2586 omrijs
587 2492 781 2587 manipulis
798 2493 897 2564 zonis
914 2504 954 2563 et
970 2495 1100 2564 ceteris
1125 2493 1204 2586 nlijs
1229 2493 1491 2565 decoramentis
1508 2493 1552 2564 ad
1570 2517 1613 2565 ea
1629 2491 1790 2585 spetian-

444 2606 571 2678 tibus.

495 2717 591 2789 item
610 2716 695 2790 satis
712 2717 873 2812 amplum
894 2714 1099 2790 vestiarium
1125 2741 1210 2791 eum
1238 2715 1439 2788 trattatulis
1463 2726 1503 2788 et
1526 2715 1698 2789 clausuris
1724 2741 1789 2812 pro

443 2829 646 2902 huiusmodi
663 2840 959 2904 ornamentorum
984 2829 1285 2904 eonseruatione·

494 2939 590 3012 Item
617 2964 729 3014 vnum
755 2941 1014 3036 antependium
1040 2944 1162 3037 magni
1189 2940 1314 3014 altaris
1339 2965 1385 3014 ex
1410 2965 1497 3013 auro
1522 2943 1642 3013 textili
1671 2944 1787 3016 viride

442 3051 572 3123 eoloris
589 3077 672 3124 eum
692 3048 852 3149 iniignijs
868 3063 907 3123 et
924 3054 1033 3124 armis
1049 3052 1136 3125 dieti
1153 3052 1335 3147 pontilicis
1352 3095 1361 3111 ·

454 3554 853 3630 CANONICORUM
879 3556 1126 3632 CAPITULI
1151 3556 1446 3632 ORDINATIO
1473 3557 1768 3635 PRIMARIA·

492 3833 553 3908 Du
583 3857 747 3911 numano
775 3857 1062 3911 nnnnnunmuu
1098 3858 1146 3912 nc
1181 3859 1394 3913 muunnn
1429 3860 1781 3916 inminutionem

489 3969 639 4021 onnmn
663 3969 928 4024 cinunnnma
960 3969 1101 4022 nitunt
1133 3950 1435 4026 Annnnounusm
1459 3972 1533 4025 nnn
1557 3975 1803 4043 pontumue,

489 4079 534 4132 tu
559 4080 692 4134 nonnil
718 4081 928 4134 tantumn
954 4079 1243 4135 manmunmun
1267 4081 1468 4138 niernum
1492 4085 1742 4140 onannuino·

996 4272 1188 4346 anundus
1204 4327 1214 4346 .

437 4373 649 4473 Edunt-due
664 4398 728 4490 qui
740 4395 905 4470 Nenmo
921 4394 1085 4473 sueceilit
1100 4397 1241 4493 primm
1252 4403 1367 4477 fertur
1383 4398 1570 4478 instituiffe
1586 4406 1779 4477 emonioos

436 4510 498 4584 sed
524 4509 569 4582 de
594 4507 793 4582 eonmdem
815 4530 967 4582 numero
996 4508 1173 4606 qualitate
1200 4521 1241 4585 et
1266 4517 1445 4614 dignitate
1470 4513 1572 4587 nulla
1595 4514 1779 4611 legittima

435 4620 706 4716 conspiciuntur
722 4621 962 4694 documenta·
