4546 5922
435 745 537 842 xva]
902 745 1309 821 ABERDONENSE.
1709 761 1777 827 311

435 945 557 1017 obitus
575 945 661 1019 diui
680 947 816 1021 domini
834 945 989 1043 episcopi
1007 970 1073 1041 pro
1090 948 1211 1018 anima
1227 940 1385 1016 ciusdem
1403 981 1411 998 ·
1429 944 1474 1015 In
1492 949 1593 1018 cuiue
1611 951 1661 1020 rei
1679 950 1781 1023 telli-

434 1059 597 1131 monium
614 1061 701 1134 huic
716 1059 875 1156 presenti
893 1058 1026 1155 scripto
1044 1054 1223 1153 signetum
1242 1051 1401 1126 nostrum
1420 1077 1589 1127 unacum
1607 1057 1780 1156 subscrip-

435 1172 537 1244 tione
553 1173 713 1247 manuali
731 1170 960 1268 apposuimus
976 1171 1073 1265 apud
1090 1166 1302 1260 Edinburgh
1315 1166 1376 1258 xvj
1390 1166 1449 1238 die
1465 1164 1597 1240 mensis
1614 1169 1778 1243 Nouem-

428 1282 561 1358 briain
587 1309 684 1360 anno
702 1281 826 1358 salutis
845 1276 1041 1355 'millesimo
1066 1273 1355 1371 quingentesimo
1379 1289 1508 1370 quarto
1526 1280 1692 1352 decimo·
1714 1285 1776 1355 Sic

427 1392 684 1472 subscribitur·
701 1396 888 1469 Johannee
915 1393 1011 1486 prior
1036 1388 1146 1462 sandei
1172 1387 1322 1459 Andrec
1348 1412 1391 1461 ac
1416 1391 1569 1463 vicarius
1593 1393 1773 1486 generalis

428 1508 587 1583 eiusdem
604 1550 614 1567 ·

428 1731 704 1831 [Tadiacsuiffct
717 1717 1286 1825 applicufflsuprcdidlaasummaa
1309 1724 1443 1825 callepio
1459 1726 1688 1817 Aberdonenli
1715 1733 1773 1801 cui

424 1842 731 1944 ocscbn'oepoutia
746 1839 788 1912 do
805 1837 878 1910 Dee
888 1836 1086 1933 omnicsuc
1101 1835 1308 1932 boucsoaua
1324 1846 1430 1914 meza
1449 1849 1481 1911 et
1497 1863 1639 1935 corpore
1655 1865 1769 1914 coram

424 1957 556 2030 noun'o
567 1963 600 2028 et
611 1949 880 2052 teflrbualepcuil
891 1947 1092 2048 questapulu
1108 1947 1317 2047 conscicrtlrja
1332 1948 1597 2046 dffln'bucnlium
1618 1961 1769 2052 acccep-

423 2069 565 2140 tcntium
576 2061 770 2162 lmitffmodi
776 2062 954 2158 pecuniam
971 2057 1245 2156 relinquendum]

426 2292 504 2387 Ego
521 2293 633 2362 frater
655 2286 843 2359 Jobannee
858 2283 1067 2360 Adamsone
1091 2285 1323 2377 prouincialia
1347 2287 1498 2360 fratrum
1525 2290 1661 2361 ordinis
1688 2316 1766 2386 prc-

424 2405 623 2476 dicatorum
650 2401 766 2471 fateor
790 2421 850 2470 me
874 2393 1043 2491 recepisse
1068 2421 1090 2469 a
1116 2397 1312 2470 venerabili
1338 2400 1416 2471 viro
1443 2397 1611 2496 magistro
1628 2403 1765 2475 Tiroma

424 2515 598 2608 Myrtoae
614 2510 865 2584 archidiacono
882 2504 1141 2581 Aberdonense
1158 2504 1333 2581 summam
1359 2511 1614 2608 quadringinta
1630 2538 1766 2588 merca-

423 2648 503 2698 rum
533 2625 569 2694 in
606 2622 821 2716 quaquidem
848 2618 987 2692 summa
1013 2629 1119 2692 erant
1146 2619 1271 2691 decem
1303 2621 1426 2693 ducati
1457 2623 1610 2714 quilibet
1641 2626 1765 2698 valens

422 2739 547 2810 decem
566 2737 717 2807 ducatos
730 2755 939 2806 communes
956 2741 995 2804 et
1012 2732 1084 2802 duo
1102 2731 1225 2802 ducati
1244 2732 1397 2824 quilibet
1411 2733 1532 2804 valens
1550 2735 1640 2807 duoa
1657 2737 1766 2810 duca-

423 2861 480 2922 tos
505 2869 716 2920 communes
743 2856 781 2918 et
810 2867 921 2918 vnum
947 2844 984 2938 ly
1010 2841 1128 2938 Ryole
1156 2842 1375 2937 gallicanum
1402 2844 1526 2917 valens
1552 2869 1602 2918 xx
1637 2850 1667 2920 ἔ.
1695 2873 1766 2922 vna

422 2983 505 3032 cum
531 2959 686 3052 quodam
704 2955 844 3030 salsario
861 2968 1033 3050 argenteo
1060 2955 1228 3049 ponderis
1246 2955 1419 3028 tredecim
1439 2980 1632 3030 vnccarum
1656 2984 1764 3054 qnam

422 3072 567 3165 quidem
582 3067 756 3142 summam
769 3068 889 3162 recepi
899 3066 945 3139 ab
958 3067 1086 3138 eodem
1100 3067 1352 3139 archidiacono
1365 3091 1429 3163 pro
1442 3070 1766 3146 edificationecou-

421 3195 555 3256 uentus
569 3182 671 3254 nobis
683 3183 721 3254 in
734 3181 869 3254 Santlo
883 3179 1033 3251 Andrea
1045 3201 1110 3272 pro
1120 3180 1242 3251 anima
1254 3179 1314 3273 pic
1331 3183 1505 3254 memorie
1519 3185 1707 3256 reuerendi
1726 3188 1764 3258 in

422 3292 563 3369 Christo
588 3294 700 3390 patria
725 3293 862 3364 domini
880 3287 1062 3362 Willelmi
1081 3286 1297 3385 Elpbinston
1321 3289 1476 3387 episcopi
1493 3291 1763 3369 Aberdonensrs

421 3419 460 3480 et
490 3418 659 3479 tenemur
685 3428 750 3499 pro
778 3405 900 3477 anima
927 3400 1085 3475 eiusdem
1114 3404 1251 3474 domini
1274 3400 1429 3499 episcopi
1455 3405 1636 3478 celebrare
1654 3431 1761 3482 unam

422 3519 639 3592 cotidianam
669 3511 806 3588 millam
837 3516 874 3587 in
902 3523 1087 3588 conuentu
1114 3511 1378 3610 Edinburgenii
1410 3517 1470 3589 vbi
1504 3515 1643 3611 sepulta
1678 3519 1762 3594 lirnt

421 3631 554 3705 viscera
570 3626 731 3703 eiusdem
748 3627 884 3700 domini
911 3649 994 3699 cum
1013 3649 1084 3698 vno
1111 3624 1351 3698 anniuersario
1368 3629 1404 3699 in
1423 3630 1549 3702 eodem
1577 3648 1759 3707 conuentu

421 3745 547 3818 etalio
573 3739 815 3816 anniuersario
831 3740 868 3810 in
885 3748 1071 3812 conuentu
1088 3739 1211 3812 Sandti
1229 3735 1378 3811 Andrcc
1396 3749 1436 3811 vt
1452 3739 1561 3813 latina
1578 3744 1614 3812 in
1633 3745 1761 3818 funda-

421 3859 521 3930 tione
532 3852 683 3949 desuper
691 3853 854 3926 confecta
866 3851 1091 3924 continetur·
1106 3847 1199 3924 teste
1211 3872 1322 3922 manu
1332 3853 1474 3946 propria
1486 3853 1757 3947 apudSandtum

421 3969 607 4042 Andream
641 3965 794 4061 septimo
821 3962 913 4056 Julij
939 3986 1035 4036 anno
1063 3962 1212 4034 Domini
1246 3957 1436 4035 millesimo
1471 3965 1758 4061 quingentesimo

420 4083 549 4176 quinto
565 4079 730 4152 decimo·
748 4075 810 4150 Sic
827 4074 1083 4149 subscribitur·
1103 4073 1230 4147 Frater
1244 4073 1430 4148 Jobannee
1445 4074 1630 4150 Adamson
1648 4103 1758 4154 manu

420 4194 563 4288 propria
578 4231 589 4250 ·

419 4499 621 4606 Vniuerfic
637 4525 759 4602 unae
776 4526 901 4600 matria
917 4520 1067 4600 ecclesie
1088 4523 1257 4598 fidelibus
1274 4524 1320 4597 ad
1337 4547 1490 4619 quorum
1513 4529 1661 4602 notitiae
1677 4553 1757 4630 pre.

419 4642 500 4719 sena
533 4639 707 4737 scriptum
741 4639 949 4736 pemcnerit
983 4639 1094 4712 irater
1124 4636 1312 4711 lebannes
1345 4633 1551 4714 Adamsone
1588 4643 1625 4714 in
1661 4639 1758 4721 sacra
