4612 5964
457 715 505 786 66
980 705 1291 786 REGISTRUM
1654 724 1810 821 [uncum

491 1021 735 1096 Sunnucom
756 1059 764 1076 ·
861 1017 1195 1112 Balhorydeuenyk
1213 1018 1252 1090 xl
1270 1015 1373 1094 solidi
1389 1063 1398 1078 ·

861 1130 949 1203 Olat
966 1129 1006 1202 xl
1023 1127 1127 1202 solidi
1146 1172 1156 1189 ·

860 1237 1063 1338 Tulynestil
1079 1241 1121 1314 xl
1138 1239 1242 1314 solidi
1260 1278 1269 1300 ·

861 1353 999 1425 Forbes
1017 1353 1056 1424 xl
1074 1350 1179 1426 solidi
1197 1393 1206 1412 ·

860 1463 1110 1559 Innemochly
1126 1463 1167 1536 xl
1185 1460 1289 1536 solidi
1307 1503 1316 1522 ·

860 1573 1078 1646 Aberdoure
1095 1574 1135 1646 xl
1152 1572 1283 1647 solidi·

859 1682 1042 1778 Lummey
1059 1684 1099 1755 xl
1115 1681 1221 1758 solidi
1238 1725 1248 1744 ·

862 1791 1004 1866 Filorth
1023 1793 1063 1865 xl
1078 1791 1181 1866 solidi
1198 1835 1208 1854 ·

862 1902 962 1974 Dere
979 1903 1019 1975 xl
1038 1900 1140 1977 solidi
1157 1944 1167 1963 ·

859 2012 1071 2086 Dummaok
1086 2017 1175 2109 xxvj
1193 2013 1297 2088 solidi
1315 2018 1375 2112 viij
1393 2019 1529 2116 denan'j
1547 2061 1556 2077 ·

1188 2124 1342 2201 Summa
1357 2130 1441 2202 ·xix·
1461 2131 1523 2203 lib.
1541 2133 1598 2228 ·vj·
1616 2127 1650 2204 ll.
1669 2135 1751 2228 xiij·
1769 2131 1806 2205 d.

644 2346 798 2419 Summa
815 2345 939 2418 totalis
957 2347 1041 2440 ilij¹¹
1059 2371 1085 2419 x
1102 2346 1195 2420 libre
1212 2349 1246 2442 vj
1265 2345 1366 2424 solidi
1384 2353 1443 2446 viij
1462 2353 1595 2447 denarij
1614 2395 1622 2410 ·

460 2903 520 2976 De
539 2903 682 2976 Fouern
701 2925 768 2997 per
783 2902 954 2976 abbatem
973 2903 1019 2976 de
1038 2901 1137 2977 Dere
1231 2959 1241 2978 .
1344 2963 1353 2980 .
1451 2963 1460 2980 .
1561 2965 1569 2982 .
1674 2915 1724 3008 iiij
1743 2916 1804 2988 ml

460 3015 519 3086 De
537 3012 669 3086 Ellone
685 3036 752 3107 per
768 3013 938 3086 abbatem
958 3013 1004 3084 de
1021 3011 1183 3107 Kynloll*
1229 3069 1239 3090 .
1342 3073 1351 3090 .
1448 3075 1457 3092 .
1558 3077 1566 3092 .
1701 3048 1724 3095 v
1742 3025 1805 3099 lm,

459 3123 518 3197 De
536 3123 792 3219 Knedwarde
810 3147 875 3217 per
890 3123 1062 3194 abbatem
1080 3125 1126 3196 de
1140 3124 1239 3199 Dero
1339 3182 1349 3201 .

459 3235 518 3310 De
535 3235 676 3309 Alueth
695 3257 760 3329 por
776 3235 947 3308 abbatem
966 3235 1012 3304 de
1030 3233 1153 3327 Cupro
1230 3289 1240 3308 .
1342 3293 1350 3310 .

459 3348 518 3420 De
537 3348 661 3443 Fyuye
679 3369 745 3440 per
762 3347 931 3418 abbatem
950 3346 996 3416 de
1014 3345 1271 3421 Aberbrothoc
1342 3401 1351 3420 .

458 3459 518 3534 De
536 3456 788 3532 Achtldonnld

459 3569 642 3642 Fundatio
658 3591 724 3661 pro
741 3569 863 3638 anima
880 3565 1016 3636 domini
1036 3565 1232 3642 wilhelmi
1250 3569 1402 3645 calabro

458 3683 510 3755 Et
527 3703 591 3776 pro
609 3680 758 3751 domino
777 3676 980 3749 wilhelmo
999 3677 1045 3749 do
1063 3677 1167 3752 Keth
1304 3683 1309 3694 '

456 3792 516 3866 De
534 3791 708 3864 Aberden
725 3810 792 3885 pro
809 3788 957 3860 domino
975 3787 1189 3864 Alexandro
1206 3788 1372 3888 episeopo
1387 3797 1565 3888 quondam

456 3905 566 3976 huius
583 3897 735 3976 eoeleste
753 3899 799 3972 de
816 3901 1122 3992 terrisquondnm
1142 3901 1302 3998 Hannny
1342 3955 1352 3976 .
1450 3959 1458 3976 .
1559 3963 1567 3979 .

457 4014 518 4087 De
535 4013 641 4086 terris
660 4009 829 4084 Duncanl
849 4009 978 4104 lleruy
1004 4061 1455 4088 .....

458 4123 509 4196 Et
526 4126 572 4198 de
589 4123 697 4196 terrio
713 4121 759 4193 de
776 4121 990 4215 Chnmpnny
1007 4171 1566 4200 ......
1792 4193 1800 4210 ‚

457 4235 516 4310 De
533 4235 640 4308 terri·
657 4230 827 4306 Dunmni
846 4229 1036 4305 Flel'ebaro
1116 4287 1565 4313 .....
1790 4302 1799 4320 ,

456 4345 515 4420 Do
532 4345 639 4420 terris
655 4343 791 4416 domini
812 4339 1004 4416 willelmi
1025 4342 1162 4420 Forbes
1226 4399 1236 4420 .
1338 4401 1347 4420 .
1446 4403 1455 4422 .
1607 4358 1616 4376 '

456 4455 514 4532 Do
532 4457 635 4554 Logy
653 4457 690 4530 ln
709 4453 898 4530 Buchonla
