4564 5968
468 689 541 755 elo
990 678 1300 756 REGISTRUM
1663 683 1815 780 [ancunr

522 879 675 958 Decimo
692 875 801 960 sexto
810 883 974 976 Januarij
1000 873 1285 952 anniuersarium
1302 869 1367 972 plo
1383 879 1502 951 anima
1526 877 1678 954 Dauidia
1696 881 1817 976 Lynd·

472 990 532 1087 say
543 994 671 1070 militia
689 1008 729 1071 et
746 999 891 1071 oomitis
915 990 1120 1066 Craufurde
1136 1011 1189 1062 xx
1215 991 1245 1064 i.
1264 989 1311 1062 de
1327 988 1414 1062 villa
1436 990 1482 1063 de
1500 987 1655 1062 Wastall
1672 992 1815 1065 iaoente

471 1107 508 1178 in
526 1107 776 1201 lyGamiocht
794 1149 803 1168 ·
822 1109 885 1201 qni
902 1102 996 1198 obijt
1012 1123 1108 1174 anno
1127 1097 1276 1174 Domini
1294 1119 1526 1176 ucccomnv.

520 1329 674 1404 Decimo
702 1329 857 1426 septimo
889 1324 1055 1417 Januarij
1091 1323 1374 1398 anniuersarium
1405 1347 1467 1420 pro
1500 1325 1621 1396 anima
1653 1321 1812 1420 magistri

468 1441 598 1515 Jaoobi
623 1442 789 1539 Lyndsay
811 1439 975 1516 canonici
997 1433 1269 1510 Aberdonensm
1293 1461 1346 1511 xx
1368 1439 1398 1512 i.
1420 1436 1591 1510 extruitis
1614 1437 1660 1508 de
1683 1439 1813 1509 annuis

468 1553 670 1628 redditibus
704 1554 925 1648 quotidianis
960 1571 1025 1644 per
1066 1549 1225 1623 eundem
1265 1549 1422 1622 fundatio
1455 1559 1495 1620 vt
1528 1549 1565 1620 in
1598 1547 1812 1620 fundatione

467 1661 650 1737 milliuum
683 1665 834 1737 inferius
864 1662 1076 1734 continetur
1104 1662 1152 1733 de
1181 1658 1365 1735 manfione
1398 1661 1571 1734 diuorum
1598 1660 1810 1732 vicariorum

467 1798 565 1848 nunc
576 1772 736 1871 magistri
756 1771 935 1845 Willelml
956 1771 1042 1865 Hay
1058 1772 1206 1846 redoria
1222 1775 1269 1848 de
1287 1772 1509 1848 Drummuok
1526 1774 1564 1845 in
1581 1771 1784 1846 leudilirmu
1801 1813 1810 1830 ·

467 1888 611 1959 iacente
626 1886 722 1958 infra
746 1885 936 1957 ciuitatem
955 1881 1256 1958 Aberdonensem
1281 1908 1329 1960 ex
1353 1897 1455 1981 parte
1480 1883 1696 1960 occidentali
1719 1883 1811 1957 aius-

466 1997 550 2069 dem
568 2037 577 2056 ·
596 1994 750 2091 Insuper
762 1995 982 2091 pauperibus
999 1991 1239 2070 distribuendi
1256 1999 1295 2070 in
1312 1999 1372 2072 die
1387 1998 1506 2072 obitus
1521 1997 1574 2071 sui
1591 2020 1617 2070 x
1634 1999 1664 2072 ἔ.
1681 2007 1722 2070 et
1737 1996 1811 2070 col-

465 2107 591 2182 tentori
608 2109 787 2180 diuomm
805 2109 1020 2180 vinariorum
1045 2129 1111 2201 pro
1129 2107 1313 2182 laboribus
1338 2107 1408 2183 suia
1422 2110 1447 2204 ij
1463 2111 1493 2184 i.
1511 2111 1557 2184 de
1579 2111 1687 2184 oertia
1704 2111 1809 2183 terris

465 2223 500 2290 in
521 2219 710 2314 Enrourye
722 2219 924 2292 iacentibus
940 2241 1040 2292 nuno
1057 2219 1094 2291 in
1113 2220 1280 2294 manibus
1295 2221 1470 2296 lobannis
1486 2221 1707 2318 Bnnnynoob
1726 2264 1736 2280 ·

515 2441 702 2542 vigesimo
718 2443 883 2538 Januarij
901 2441 1188 2516 anniuersarium
1213 2467 1279 2540 pro
1295 2447 1416 2520 anima
1430 2442 1588 2544 magistri
1604 2445 1807 2520 Alexandri

465 2555 683 2652 Monymeill
718 2555 806 2629 olim
836 2553 986 2630 redlon‘s
1020 2557 1066 2628 de
1101 2555 1243 2631 Forbes
1265 2581 1316 2631 xx
1345 2559 1375 2630 ἶ.
1407 2557 1452 2630 de
1484 2557 1593 2630 domo
1625 2557 1808 2650 quondam

464 2667 645 2742 Willelmi
662 2667 831 2742 Clrasalm
848 2691 948 2740 nuno
973 2669 1112 2742 domini
1139 2670 1187 2742 de
1215 2667 1363 2742 Drowm
1389 2669 1424 2740 in
1449 2670 1528 2741 vioo
1554 2668 1735 2742 furcarum
1760 2670 1806 2742 de

462 2781 628 2855 Abirden
645 2803 694 2854 ex
709 2791 814 2876 parte
830 2779 1048 2854 oooidentali
1065 2778 1227 2855 eiusdem
1244 2783 1413 2856 iacente·

513 2999 699 3099 Vigellmo
742 3001 846 3076 sexto
877 3001 1043 3099 Januarij
1079 3002 1364 3076 anniuersarium
1396 3027 1458 3100 pro
1492 3007 1612 3078 anima
1645 3003 1805 3103 magn'llri

462 3117 615 3190 Dnuidia
629 3112 870 3188 Discbintoun
889 3117 1113 3209 precentoris
1125 3111 1517 3190 Aberdonensuxxvi.
1528 3119 1590 3210 qui
1602 3113 1694 3211 obijt
1710 3141 1806 3192 anno

465 3229 611 3300 Domini
630 3247 819 3300 Μαίων.

513 3448 697 3550 Vigelrmo
731 3450 861 3526 odtauo
887 3450 1052 3546 Jannarij
1082 3449 1367 3524 anniuersarium
1395 3474 1458 3547 pro
1490 3453 1613 3525 anima
1644 3451 1803 3550 magistri

461 3565 662 3638 Alexandri
699 3561 867 3659 Lyndl'ay
898 3564 987 3637 olim
1017 3565 1167 3637 roderis
1196 3565 1242 3637 do
1279 3562 1442 3658 Babeluy
1474 3565 1528 3659 xij
1562 3567 1591 3638 ἓ.
1628 3564 1675 3638 de
1707 3577 1804 3640 terra

459 3677 635 3750 diuorum
653 3677 868 3751 vicariorum
895 3699 977 3750 cum
997 3678 1113 3750 cauda
1138 3680 1176 3750 in
1204 3676 1324 3770 Futye
1343 3677 1481 3749 ineante
1505 3699 1603 3748 nuno
1628 3691 1804 3773 occupata

458 3813 524 3885 per
538 3787 718 3862 Jaoobum
735 3785 831 3862 Blak
849 3828 858 3847 ·
876 3790 939 3882 qui
957 3787 1051 3886 obijt
1068 3811 1165 3862 anno
1183 3787 1332 3863 Domini
1350 3806 1604 3860 mocccxcrn.

509 3900 648 3974 Eodem
665 3899 726 3973 die
742 3899 1028 3974 anniuersarium
1046 3898 1206 3998 magistri
1223 3899 1353 3975 lucebi
1377 3897 1524 3974 Steuan
1539 3899 1627 3974 olim
1645 3901 1801 3998 episcopi

459 4005 700 4087 Morauienlla
729 4009 794 4108 xiij
822 4013 852 4086 ἔ.
884 4010 934 4106 iiij
963 4009 1001 4084 d.
1029 4013 1076 4087 do
1106 4027 1205 4088 terra
1229 4013 1318 4086 olim
1344 4010 1517 4086 Jobannia
1546 4011 1678 4086 Cullan
1703 4037 1800 4088 nuno

456 4126 635 4199 lobannis
652 4120 837 4198 Dauidson
854 4119 999 4198 samona
1017 4126 1055 4198 in
1074 4127 1154 4200 vieo
1172 4119 1354 4200 lurcorum
1376 4121 1613 4198 Abirdonensr
1631 4147 1678 4198 ex
1696 4141 1800 4222 parte

457 4235 625 4312 orientali
643 4233 803 4310 eiusdem
821 4237 966 4308 iacente
983 4275 992 4292 ·
1008 4238 1071 4330 qui
1089 4235 1183 4333 obijt
1199 4259 1295 4312 anno
1314 4233 1456 4309 Domini
1475 4257 1697 4312 uccocavr.
