4546 5922
499 685 567 758 316
1014 677 1319 753 REGISTRUM
1606 686 1830 780 [cressum.

496 883 533 952 in
559 882 694 978 Anglic
722 880 855 957 dedisse
873 893 912 956 et
936 874 1137 954 concessisse
1166 887 1205 950 et
1234 880 1302 952 hac
1336 889 1436 952 cartu
1465 877 1584 952 nostru
1611 879 1829 955 confirmasse

495 991 667 1068 lllicboeli
695 995 826 1069 clerico
856 989 1022 1069 ecclesius
1057 994 1102 1066 de
1137 989 1359 1084 Cleomeouy
1388 1013 1471 1062 cum
1507 989 1655 1083 capellis
1689 989 1758 1064 suis
1791 1001 1830 1064 et

494 1107 659 1180 omuibus
688 1109 964 1182 reditudiuibus
994 1107 1040 1180 ud
1067 1102 1209 1178 eosdem
1243 1097 1410 1175 ecclesias
1441 1099 1533 1174 iuste
1566 1103 1829 1197 pertinentibus

494 1228 603 1311 etque
619 1243 703 1292 eum
721 1222 758 1292 in
782 1217 913 1293 eisdem
933 1216 1091 1312 ecclessjs
1108 1213 1294 1312 personam
1312 1216 1484 1288 cononice
1501 1209 1714 1286 instituisse·
1733 1210 1830 1286 Red-

494 1329 610 1402 dendo
626 1332 814 1403 annuatim
841 1331 965 1402 domui
987 1329 1117 1423 prefati
1143 1323 1326 1421 hospitalis
1343 1348 1476 1397 nouem
1503 1347 1638 1398 marcos
1662 1325 1826 1420 argenti·

494 1435 1827 1536 Saluisepisoopslibus·TeslibusSymouearchidiacono·Rogerodecano·

494 1551 700 1624 Willelmo·
715 1550 882 1622 Woltero
893 1590 902 1608 ·
915 1551 1075 1622 Roberto
1087 1589 1096 1606 ·
1107 1550 1291 1623 Henrico.
1307 1549 1475 1622 Matheo·
1487 1547 1649 1622 Galsrido
1660 1587 1669 1604 ·
1680 1547 1828 1619 Andree

492 1657 1826 1757 capellanis·llsstbeoofficicli·WillelmopersonsdeAberdene·Mctheo

379 1835 384 1848 .
491 1776 619 1845 clerico
637 1814 646 1830 ·
666 1771 848 1844 Wsldeuo
866 1772 998 1843 clerico
1021 1806 1030 1827 ·
1045 1771 1226 1844 Mauricio
1243 1770 1393 1868 persons
1409 1773 1455 1844 de
1470 1771 1617 1856 Tsrreis
1634 1811 1643 1827 ·
1659 1769 1683 1842 J
1686 1768 1826 1842 obcune

492 1885 564 1955 lilio
577 1883 832 1955 Archidiaconi
847 1922 855 1940 ·
876 1880 1066 1954 Willelmo
1077 1881 1152 1953 lilio
1164 1880 1354 1979 Ilugonis·
1372 1883 1539 1958 Gilberto
1553 1881 1626 1955 lilio
1637 1881 1800 1955 Goceliui
1815 1921 1825 1936 ·

491 1997 573 2081 Qus
589 1994 734 2087 quidem
753 1993 941 2065 euidencis
963 1988 1012 2064 src
1029 1995 1172 2086 copista
1188 2004 1227 2067 et
1244 1995 1457 2091 transcripto
1474 2018 1539 2069 uos
1564 1996 1610 2067 de
1627 1992 1823 2066 huiusmodi

490 2106 701 2199 transcripto
719 2127 801 2177 curn
821 2101 894 2198 ipsa
911 2103 1017 2176 litere
1032 2103 1198 2198 originali
1220 2105 1298 2177 fieri
1319 2108 1471 2180 fecimus
1490 2107 1700 2203 diligentem
1718 2105 1826 2180 collo·

489 2221 624 2290 tionem
639 2229 678 2289 et
700 2218 785 2311 quis
802 2213 1003 2288 huiusmodi
1023 2211 1275 2309 transcriptum
1289 2240 1373 2290 cum
1399 2216 1475 2314 ipsu
1489 2218 1595 2292 litero
1611 2219 1773 2314 originali
1786 2221 1823 2292 in

489 2328 654 2400 omnibus
678 2328 896 2401 concordare
922 2330 1145 2424 repperimus
1164 2328 1296 2400 idcirco
1326 2327 1470 2422 presens
1493 2329 1743 2424 transcriptum
1762 2353 1825 2426 per

489 2442 667 2513 notorium
696 2439 883 2534 publicum
913 2436 1150 2533 subscriptum
1178 2436 1347 2513 subscribi
1381 2450 1421 2513 et
1446 2440 1620 2535 publicari
1645 2439 1823 2535 nostrique

487 2552 591 2649 sigilli
608 2550 735 2625 secreti
752 2551 857 2648 burgi
882 2551 1033 2646 prodidi
1059 2545 1220 2622 iuslirnus
1245 2559 1284 2623 et
1309 2551 1461 2624 fecimus
1488 2546 1702 2645 appensione
1727 2575 1824 2625 eom·

488 2667 617 2737 muniri
643 2705 652 2722 ·
678 2662 815 2736 Datum
847 2673 886 2736 et
915 2665 1035 2736 udum
1061 2664 1097 2734 iu
1125 2665 1282 2756 pretorio
1307 2664 1411 2759 burgi
1437 2665 1484 2737 do
1511 2662 1708 2759 Liulitquw
1732 2665 1823 2757 xxij·

486 2778 545 2850 die
562 2771 692 2848 meniis
713 2775 853 2869 Aprilis
869 2798 966 2849 suno
983 2773 1133 2848 Domini
1151 2769 1339 2848 millesimo
1356 2773 1707 2871 qusdringentesrmo
1723 2775 1823 2850 l'exs·

484 2885 618 2982 gesimo
643 2889 770 2980 quinto
797 2886 1000 2960 Indiaione
1024 2887 1088 2980 xiij
1119 2885 1351 2981 pontificatus
1381 2881 1583 2958 sancissimi
1613 2887 1649 2958 in
1681 2883 1821 2960 Christo

485 3001 595 3093 patris
614 3022 656 3071 cc
683 2999 820 3071 domini
838 2994 948 3070 nostri
975 2999 1111 3071 domiui
1130 2997 1235 3070 Pauli
1265 2998 1390 3070 diuino
1418 2998 1646 3092 prouidentia
1662 3021 1753 3094 pape
1770 2999 1822 3074 se·

484 3111 591 3182 currdi
604 3132 699 3183 cuno
713 3111 829 3204 primo
843 3148 852 3167 ·
867 3107 1099 3182 Presentibus
1110 3110 1244 3182 ibidem
1256 3108 1525 3182 honorabilibus
1538 3121 1576 3182 et
1589 3113 1822 3208 circumspec-

485 3223 628 3295 tisniris
643 3220 800 3293 Domino
813 3220 1045 3294 Arelrebcldo
1056 3223 1101 3294 dc
1112 3215 1265 3292 Dimdss
1278 3221 1324 3292 de
1336 3221 1466 3292 eodem
1478 3220 1596 3294 milite
1610 3225 1820 3298 vicecomite

484 3336 530 3407 de
565 3333 762 3426 Linlitbqw
795 3373 804 3390 ·
839 3328 1009 3426 magistro
1034 3332 1192 3406 Patricio
1220 3331 1357 3428 Ybung
1382 3331 1519 3406 decano
1545 3330 1819 3408 Dunkeldenii·

483 3446 621 3518 Thomu
645 3445 690 3516 do
713 3439 837 3516 Forest
861 3480 871 3500 ·
895 3443 1063 3516 Johcnue
1088 3445 1135 3516 de
1160 3443 1338 3516 Golbrutb
1363 3483 1372 3502 ·
1400 3443 1611 3518 Alexandro
1637 3443 1819 3542 llcthvy·

482 3557 619 3630 Jccobo
636 3557 682 3628 do
700 3554 823 3627 Foulis
847 3593 857 3613 ·
885 3553 1075 3628 Willelmo
1102 3554 1249 3652 Logcue
1273 3591 1282 3612 ·
1308 3566 1347 3628 et
1365 3555 1527 3628 Henrico
1552 3557 1598 3630 de
1624 3557 1819 3632 Crsuforde

484 3691 566 3742 cum
583 3667 708 3740 multis
724 3665 805 3761 slijs
821 3662 974 3740 testibus
993 3670 1038 3740 cd
1057 3663 1220 3763 permissu
1238 3667 1374 3740 vocetis
1391 3663 1592 3762 specialiter
1607 3681 1647 3742 et
1662 3671 1816 3768 rogetis·

582 3891 633 3966 Iit
658 3915 726 3987 ego
743 3890 956 3966 Alexander
978 3893 1025 3966 de
1043 3891 1167 3967 Foulis
1184 3894 1337 3968 clericus
1353 3891 1478 3968 Sondi
1505 3893 1654 3968 Audrce
1671 3891 1817 3970 dioeosu

582 4003 747 4101 publicus
780 4004 995 4077 sudoritste
1034 4006 1210 4101 imperiali
1253 4007 1416 4078 noterius
1452 4003 1628 4100 premissis
1653 4009 1818 4082 omnibus

580 4119 667 4190 dum
685 4112 732 4188 sro
745 4125 941 4212 egerentur
956 4117 1105 4190 interfui
1118 4129 1157 4191 et
1169 4118 1238 4192 boc
1251 4113 1395 4213 presens
1408 4115 1688 4194 instrumentum
1700 4119 1818 4194 buius·

580 4230 676 4302 modi
698 4225 953 4322 transcriptum
977 4229 1016 4300 iu
1042 4226 1079 4302 se
1103 4232 1296 4304 continens
1320 4240 1467 4327 rogetus
1492 4232 1622 4305 tradidi
1647 4227 1815 4330 signoque

580 4350 619 4414 et
636 4337 893 4436 subscriptione
909 4339 1000 4412 meis
1016 4337 1130 4413 solitis
1146 4349 1186 4414 et
1201 4338 1382 4415 consuetis
1400 4363 1470 4416 rus
1494 4365 1579 4416 cum
1603 4339 1815 4438 appensione

580 4447 684 4548 sigilli
717 4448 845 4524 secreti
872 4451 976 4548 burgi
1000 4451 1152 4546 preditis
1179 4448 1315 4550 srgusui
1337 4466 1486 4552 rogetus
1510 4455 1549 4528 in
1572 4451 1814 4532 testimonium

579 4565 743 4638 veritatis
759 4563 922 4636 omnium
937 4557 1183 4659 premissorum
1201 4603 1210 4624 ·
