4526 5954
449 732 535 828 Χῑ]
916 740 1321 818 ABERDONENSE.

447 1045 560 1120 Carta
577 1047 755 1125 Willelmi
773 1052 928 1128 Scherar
944 1056 991 1127 de
1007 1076 1129 1127 annno
1145 1055 1265 1126 reditu
1281 1052 1430 1124 vendito
1447 1091 1456 1109 ·

447 1247 640 1350 Omnibus
655 1279 748 1352 banc
765 1287 902 1352 cartam
920 1274 1047 1349 visuris
1057 1275 1116 1346 vel
1129 1274 1304 1346 audituris
1318 1273 1516 1347 Villelmns
1533 1275 1689 1349 Scherar
1705 1278 1789 1352 bnr-

444 1385 563 1484 geniis
580 1390 808 1463 deAberden
826 1429 835 1446 ·
850 1428 860 1447 ·
878 1427 888 1447 ·
907 1387 1041 1460 Sciatis
1058 1407 1118 1456 me
1135 1421 1167 1440 ··
1184 1423 1193 1441 ·
1212 1381 1407 1458 vendidille
1424 1411 1466 1459 aa
1483 1426 1492 1446 ·
1511 1427 1521 1444 ·
1539 1425 1547 1444 ·
1564 1387 1787 1464 confirmall'e

445 1499 577 1574 dilecto
595 1509 635 1574 et
655 1500 797 1596 speciali
817 1521 900 1570 meo
922 1491 1095 1590 magistro
1110 1493 1249 1568 Thome
1266 1496 1454 1591 Ednayme
1478 1501 1652 1572 canonico
1670 1498 1788 1573 Aber-

444 1609 611 1686 donensrs
635 1609 784 1685 ecclesie
802 1632 912 1680 vnum
936 1630 1099 1680 annuum
1116 1609 1297 1681 redditum
1311 1611 1436 1682 decem
1454 1609 1647 1683 solidorum
1659 1613 1705 1684 de
1716 1612 1788 1684 illis

445 1725 584 1797 duabus
606 1725 734 1796 marcis
750 1721 839 1792 mihi
857 1719 989 1792 debitis
1006 1723 1195 1792 annuatim
1219 1733 1258 1794 et
1278 1723 1496 1795 exeuntibus
1514 1725 1560 1796 de
1582 1734 1680 1798 terra
1702 1748 1786 1798 cunr

442 1837 671 1932 pertinentiis
693 1855 801 1927 quam
832 1832 877 1902 de
910 1853 971 1902 rne
996 1840 1102 1904 tenet
1125 1829 1312 1906 Johannes
1346 1832 1492 1908 Ricardi
1517 1837 1660 1909 iacente
1694 1837 1787 1910 infra

441 1949 579 2020 dictum
596 1947 749 2041 burgum
775 1946 812 2014 in
830 1943 868 2038 ly
885 1941 1152 2038 Owerkyrkgat
1168 1945 1266 2018 iuter
1290 1955 1423 2018 terram
1442 1947 1594 2021 Roberti
1622 1947 1787 2022 Valence

442 2085 489 2134 ex
523 2069 626 2154 parte
660 2054 827 2127 orientali
862 2063 901 2128 et
934 2065 1070 2128 terram
1102 2054 1241 2128 Thome
1274 2056 1370 2130 Clnb
1400 2081 1447 2130 ex
1482 2067 1586 2153 parte
1620 2061 1788 2134 occiden-

441 2171 508 2245 tali
546 2193 610 2265 pro
647 2168 801 2259 quadam
842 2178 943 2240 certa
969 2163 1110 2241 summa
1149 2169 1303 2262 pecunie
1340 2191 1448 2262 quam
1482 2170 1580 2242 idern
1614 2168 1786 2268 magister

440 2282 596 2356 Thomas
622 2281 707 2351 mibi
730 2281 824 2351 bene
850 2289 889 2352 et
924 2279 1082 2352 lideliter
1107 2277 1333 2374 persoluebat
1361 2282 1398 2351 in
1428 2291 1597 2376 prompta
1630 2287 1786 2377 pecunia

439 2403 630 2467 numerata
659 2432 667 2448 ·
696 2391 806 2464 Vnde
832 2392 914 2463 volo
931 2401 971 2464 et
995 2391 1155 2464 concedo
1182 2415 1246 2486 pro
1262 2415 1323 2463 me
1346 2404 1385 2464 et
1401 2392 1596 2466 heredibus
1616 2419 1659 2468 ao
1684 2392 1786 2492 affig-

439 2507 535 2580 natis
560 2507 651 2577 meis
667 2506 762 2598 quod
786 2504 902 2576 diuus
927 2526 1071 2577 annuus
1092 2503 1257 2576 redditus
1280 2503 1407 2577 decem
1431 2502 1627 2578 solidorum
1654 2505 1785 2581 vsualis

438 2626 586 2689 monete
609 2614 734 2687 Scocic
755 2611 802 2687 stt
825 2617 961 2710 primus
979 2625 1018 2688 et
1035 2616 1222 2709 proximus
1241 2615 1287 2686 de
1308 2615 1419 2686 fundo
1443 2615 1539 2686 dicte
1562 2625 1660 2689 terre
1685 2615 1783 2691 saluo

438 2727 587 2800 seruicio
606 2726 715 2822 Regis
731 2725 844 2798 ··In
862 2729 966 2799 cuins
983 2729 1035 2799 rei
1049 2723 1296 2800 testimonium
1314 2722 1469 2821 tigillum
1483 2749 1606 2800 meum
1625 2725 1783 2822 presenti

437 2849 537 2912 carte
553 2862 635 2911 mee
651 2838 704 2911 est
720 2837 916 2934 appensum
934 2848 973 2912 et
990 2839 1037 2910 ad
1058 2840 1231 2912 maiorem
1250 2839 1356 2910 buius
1371 2840 1423 2910 rei
1441 2839 1668 2914 euidenciam
1689 2837 1785 2938 ligii-

439 2952 515 3023 lum
532 2974 723 3024 commune
740 2952 826 3024 ἀὶθιί
844 2951 949 3047 burgi
966 2950 1012 3022 de
1030 2949 1227 3022 Aberdene
1250 2971 1321 3023 vna
1344 2973 1426 3022 cum
1446 2947 1562 3046 sigillo
1578 2950 1781 3026 Alexandri

438 3061 642 3159 Blyndeseil
660 3065 765 3135 nnius
782 3063 1000 3136 ballinorum
1024 3058 1183 3134 eiusdem
1201 3063 1364 3157 burgiae
1382 3064 1517 3135 datoris
1542 3059 1668 3136 saistne
1686 3066 1781 3138 diuo

435 3171 603 3272 magistro
620 3173 757 3246 Thome
774 3176 820 3247 de
837 3175 998 3268 predicto
1010 3196 1133 3246 annuo
1146 3175 1290 3247 redditu
1305 3197 1387 3246 cum
1401 3177 1633 3269 pertinentijs
1648 3179 1780 3272 apponi

436 3289 547 3360 etiam
565 3284 787 3382 presentibus
807 3310 892 3358 cum
914 3283 1087 3359 instantia
1106 3288 1294 3380 procuraui
1312 3326 1321 3346 ·
1340 3286 1451 3380 Apud
1469 3287 1607 3360 ditium
1624 3288 1779 3384 burgum

435 3395 604 3472 vicesimo
622 3399 679 3471 die
694 3395 827 3471 meniis
842 3397 1006 3491 Januarij
1031 3420 1128 3471 anno
1151 3395 1300 3470 Domini
1322 3419 1467 3471 mcccc.
1485 3397 1779 3496 quinquagesimo

435 3514 552 3607 primo
564 3549 573 3568 ·
585 3507 928 3583 TestibnsJobanne
941 3511 987 3582 de
1002 3509 1183 3604 Fyiltunc
1199 3507 1377 3605 propolito
1390 3549 1398 3568 ·
1409 3510 1577 3585 Gilberto
1592 3511 1776 3607 blen3cis·

434 3620 462 3696 J
463 3624 605 3696 ohanne
622 3625 667 3697 de
684 3623 795 3696 Mar·
812 3621 981 3695 Johanne
999 3622 1145 3718 Scrogis
1163 3621 1238 3694 lilio
1256 3662 1265 3680 ·
1283 3621 1462 3696 Duneano
1479 3623 1526 3696 de
1542 3623 1652 3696 Clat-

435 3959 616 4033 Fundatio
639 3958 763 4033 altaris
782 3959 907 4031 Trium
937 3957 1083 4054 Regum
1100 3957 1193 4030 infra
1218 3954 1402 4030 eccleliam
1427 3960 1670 4054 parochialem
1698 3962 1775 4036 diui

433 4071 605 4147 Nicboloi
629 4073 674 4144 de
699 4070 887 4144 Abirdene
910 4094 975 4166 per
997 4070 1197 4142 Patricium
1223 4066 1340 4144 Lessie
1364 4069 1579 4168 burgensem
1596 4072 1643 4145 de
1666 4071 1777 4148 Abir-

431 4187 526 4259 dene
542 4184 683 4257 fundati
700 4223 710 4243 ·

431 4386 625 4488 Omnibus
640 4409 733 4481 bano
750 4413 887 4480 emtam
904 4405 1031 4481 visuris
1048 4405 1107 4480 rel
1123 4407 1301 4480 auditoris
1326 4405 1505 4480 Patricius
1522 4404 1642 4482 Lessie
1658 4406 1776 4484 lenior

429 4516 615 4620 burgenlis
631 4521 735 4616 burgi
752 4519 799 4592 ds
815 4517 1004 4594 Abirdene
1022 4517 1176 4593 salutem
1191 4555 1201 4576 ·
1217 4555 1227 4576 ·
1244 4559 1253 4578 ·
1268 4517 1459 4592 Noueritis
1475 4521 1587 4593 mein
1601 4543 1776 4620 angmen-

429 4649 510 4714 tum
526 4633 640 4706 diuini
652 4632 774 4707 cultus
786 4625 968 4706 bonorem
978 4631 1051 4707 Dei
1065 4633 1328 4727 omnipotentis
1344 4633 1452 4706 beate
1477 4634 1628 4731 virginis
1653 4633 1774 4711 Maris

479 4765 565 4822 von.
582 4765 624 4820 ιι.
1122 4749 1186 4818 dr
