4564 5968
493 686 579 782 xc]
962 687 1370 764 nnnnnouuusu.
1778 699 1849 772 127

493 1000 573 1072 ch
591 1021 736 1073 INCIPIT
755 1023 1031 1075 INUEN'I'ARIUM
1048 1023 1120 1075 SEU
1138 1020 1362 1072 REGISI'RUM
1380 1015 1650 1070 THESAURARIE
1666 1019 1847 1072 ECCLESIE

491 1114 791 1187 ABERDONENSIS
825 1135 933 1194 QUOD
968 1133 1074 1186 PIEEI
1109 1131 1221 1182 PEOI'I'
1255 1130 1513 1182 VENERABILIS
1548 1131 1617 1181 VIR
1651 1131 1844 1184 MAGISTER

492 1224 698 1299 HENRIOUS
716 1248 767 1299 DE
785 1227 874 1299 an'
879 1248 930 1297 DE
948 1245 1120 1296 EIUSDEM
1147 1242 1326 1293 ECOLESIE
1344 1242 1640 1294 THESAURARIUS
1658 1243 1705 1294 AC
1724 1243 1845 1294 REUE·

490 1357 613 1410 RENDI
625 1360 666 1411 IN
679 1338 850 1412 CHRISTO
862 1355 996 1410 PATRIS
1005 1357 1054 1407 ET
1068 1353 1211 1406 DOMINI
1226 1353 1369 1406 DOMINI
1381 1333 1556 1405 HENRIOI
1570 1354 1621 1405 DE
1634 1333 1844 1408 chrr'rours

489 1471 710 1529 VTRIIJSQUE
728 1472 833 1524 IURIS
859 1468 991 1520 LEGUM
1011 1465 1197 1518 DOCTORIS
1223 1467 1395 1518 EIUSDEM
1420 1466 1599 1518 EOOLESIE
1625 1467 1730 1519 TUNC
1748 1467 1844 1519 TEM-

489 1583 598 1635 roms
632 1583 801 1635 EPISOOPI
837 1577 1040 1636 HUIUSQUE
1076 1577 1281 1630 PRESENTIS
1318 1579 1497 1631 EOOLESIE
1532 1579 1844 1631 CONSTRIIC'I'ORIS

489 1695 609 1748 NEPOS
639 1696 742 1748 ANNO
774 1673 926 1745 DOMINI
956 1689 1165 1740 MILLESIMO
1194 1689 1599 1748 QUADRINGENTESIMO
1630 1691 1841 1742 TRIGESIMO

447 1772 450 1778 ’
487 1806 639 1860 sexto·

874 2006 1060 2098 Incipiunt
1078 2026 1183 2076 amru
1202 2027 1423 2080 runonoorn
1441 2048 1449 2064 ·

487 2233 609 2305 Primo
623 2234 749 2326 incipit
762 2232 1006 2302 iuuentnrium
1025 2228 1198 2302 lIbrorum
1216 2230 1400 2326 theologie
1417 2242 1458 2301 vt
1475 2232 1569 2302 infra
1583 2229 1812 2323 subsequitur
1830 2272 1838 2287 ·

487 2457 574 2530 Vna
589 2479 699 2550 parua
715 2454 828 2526 biblia
846 2458 883 2526 in
900 2457 1043 2526 minuta
1062 2454 1169 2528 litera
1186 2457 1224 2526 iu
1241 2451 1411 2526 afferibas
1430 2455 1607 2547 incipiens
1625 2456 1662 2524 in
1681 2451 1838 2525 seeundo

536 2568 621 2640 folio
638 2565 802 2660 Eaterfio
819 2577 930 2640 autem
947 2607 956 2624 ·

486 2680 573 2753 Vna
589 2679 701 2750 biblia
718 2681 755 2750 in
774 2676 943 2752 ufferibus
961 2678 1138 2770 incipiens
1155 2679 1193 2749 in
1212 2675 1368 2749 seeundo
1387 2675 1472 2746 solio
1497 2675 1568 2747 Sub
1585 2675 1667 2770 reste
1685 2719 1692 2732 ·

486 2792 573 2865 Vna
589 2791 701 2863 biblia
718 2795 754 2862 in
772 2788 942 2863 afferibus
960 2813 1032 2860 non
1051 2788 1235 2882 completa
1252 2791 1289 2860 in
1306 2786 1463 2860 secundo
1481 2787 1569 2858 folio
1591 2785 1838 2880 Pouestlluto·

486 2903 572 2976 Vna
589 2902 700 2976 biblia
717 2927 789 2974 non
808 2903 989 2997 compieta
1007 2902 1183 2994 incipiens
1202 2903 1238 2972 in
1257 2899 1413 2972 secundo
1432 2900 1519 2970 ioIio
1548 2897 1644 2972 Vmor
1659 2897 1793 2972 Jacob·

486 3015 572 3088 Vna
596 3016 707 3087 biblia
726 3038 797 3086 non
816 3015 998 3108 completa
1016 3014 1192 3106 incipiens
1211 3015 1247 3083 in
1266 3011 1423 3085 secundo
1442 3012 1527 3084 folio
1552 3009 1675 3082 Viuit·

486 3127 594 3200 Vnus
623 3138 748 3200 textus
779 3124 1039 3200 sententiarum
1075 3124 1177 3197 Petri
1205 3121 1463 3196 Commestoris
1495 3127 1530 3195 in
1563 3121 1721 3196 secundo
1750 3123 1837 3194 folio

545 3237 781 3336 Vtrrorrscmel
790 3281 799 3297 ·

485 3352 593 3425 Vnus
606 3363 729 3425 textus
744 3351 1002 3426 sententiarum
1018 3351 1194 3443 incipiens
1208 3350 1246 3420 in
1262 3345 1420 3420 seeundo
1438 3347 1525 3418 solio
1539 3346 1834 3444 Quurcjpr'rituc·

488 3464 586 3536 Libri
605 3467 752 3537 Leuitici
770 3465 912 3537 numeri
928 3461 1172 3554 aeutmnomij
1186 3462 1224 3532 in
1238 3483 1309 3532 vno
1323 3459 1508 3532 volumino
1523 3464 1558 3531 iu
1574 3459 1730 3532 secundo
1748 3461 1835 3532 solio

535 3575 592 3649 De
607 3575 705 3649 bebrua
723 3615 731 3632 ·

485 3689 586 3760 Libri
602 3686 714 3761 Josue
730 3688 902 3760 Judicum
922 3683 1024 3756 Ruth
1042 3685 1182 3757 Thebie
1198 3681 1331 3756 Iudith
1352 3681 1484 3756 IIester
1503 3685 1540 3756 in
1559 3708 1629 3755 ruo
1650 3685 1836 3757 volumine

532 3803 571 3872 in
591 3799 746 3875 seeundo
764 3797 916 3871 foliola
934 3796 1158 3895 inferioribus
1176 3836 1184 3855 ·

484 3911 585 3985 Libri
598 3911 747 4007 gechiei
760 3911 885 3984 Yi'nias
899 3914 936 3983 iu
950 3933 1020 3982 vno
1032 3909 1216 3983 volumine
1230 3911 1267 3981 in
1281 3907 1438 3981 secundo
1453 3909 1539 3981 folio
1551 3907 1638 3982 Jorr‘
1648 3911 1815 4008 imposuit
1828 3951 1835 3966 ·

484 4023 581 4097 Item
599 4034 753 4118 quatuor
770 4024 851 4095 iibri
870 4024 1013 4119 Regum
1031 4025 1104 4094 dno
1122 4021 1414 4117 paralipominon
1434 4033 1473 4092 ct
1492 4021 1564 4092 dno
1583 4021 1664 4092 libri
1680 4021 1835 4096 Macha-

534 4137 683 4210 beorum
700 4137 738 4207 in
757 4158 827 4207 mo
845 4137 1029 4208 volumine
1046 4136 1084 4206 in
1103 4131 1261 4207 secundo
1279 4133 1365 4206 folio
1387 4131 1637 4230 Prophetarum
1656 4175 1664 4191 ·

484 4249 638 4322 Summa
653 4243 887 4320 consotiorum
906 4248 1082 4342 incipiens
1100 4247 1138 4317 in
1156 4242 1312 4319 secundo
1330 4245 1419 4317 folio
1436 4243 1496 4318 Dc
1511 4245 1570 4342 rsu
1583 4243 1709 4340 pollis·

483 4361 677 4435 Sermones
694 4359 930 4432 dominicales
947 4359 1163 4454 incipientes
1180 4359 1218 4430 in
1235 4355 1393 4430 secundo
1412 4355 1499 4429 solio
1518 4355 1580 4428 Aa
1596 4367 1654 4429 et·

483 4471 678 4546 Sermones
703 4470 750 4543 de
776 4471 989 4565 quibusdam
1014 4469 1144 4544 tauers
1169 4470 1389 4566 incipientes
1417 4471 1454 4540 in
1483 4467 1641 4542 secundo
1668 4468 1755 4542 solio
1781 4469 1838 4545 Et

532 4585 653 4683 um·
