4526 5954
467 775 569 872 xro]
944 770 1354 848 ABERDONENSE.
1754 775 1825 842 213

470 975 671 1048 Alexandri
690 973 853 1048 Oarroun
877 973 943 1071 xiij
968 978 998 1049 ἔ.
1018 975 1064 1047 de
1087 975 1196 1046 domo
1217 971 1401 1066 quondam
1426 967 1564 1040 Thome
1587 966 1698 1037 Roull
1724 990 1821 1039 nuno

471 1087 672 1160 Alexandri
699 1086 851 1184 Menpes
876 1089 1126 1179 heredumque
1151 1082 1297 1155 suorum
1326 1082 1364 1152 in
1392 1078 1472 1151 vico
1499 1078 1679 1150 furcarum
1703 1077 1821 1149 Aber-

469 1197 615 1273 donanii
633 1225 681 1274 ex
697 1211 801 1297 parta
817 1199 986 1274 orientali
1009 1194 1171 1270 eiusdem
1189 1196 1334 1264 iacente
1351 1227 1360 1245 ·
1377 1191 1440 1282 qui
1458 1190 1549 1282 obijt
1571 1211 1666 1261 anno
1683 1187 1820 1260 domini

469 1333 730 1388 mcccxovnr.

520 1425 658 1499 Eodem
692 1427 752 1499 die
785 1418 1070 1498 anniuersarium
1102 1411 1263 1510 magistri
1293 1413 1474 1487 Johannie
1503 1413 1588 1487 Clat
1619 1411 1739 1509 vicarij
1772 1415 1819 1485 de

471 1539 636 1636 Lungley
657 1537 718 1636 viij
743 1541 774 1611 ἔ.
799 1536 847 1607 de
872 1532 990 1606 orosto
1013 1537 1144 1599 vocato
1169 1526 1207 1619 ly
1231 1525 1271 1596 N
1273 1526 1448 1598 ewlondis
1478 1527 1573 1622 apud
1600 1527 1638 1620 ly
1660 1525 1820 1600 Gallow·

468 1652 565 1724 hillis
590 1664 629 1725 et
658 1650 698 1724 xl
725 1646 761 1722 d.
791 1647 839 1718 de
859 1654 957 1717 terra
985 1639 1171 1734 quondam
1202 1637 1364 1710 Gilberti
1386 1637 1542 1712 Belman
1567 1663 1665 1710 nuno
1693 1639 1817 1710 badeie

468 1765 579 1858 wyffis
596 1785 707 1860 prope
723 1769 867 1855 portum
884 1756 931 1827 de
943 1753 1084 1845 Futye·

836 2035 1143 2106 nomannorum
1161 2052 1299 2104 nausis
1318 2033 1420 2105 Mur
1439 2072 1447 2089 ·

518 2205 703 2306 Vigefimo
728 2203 882 2298 septimo
901 2201 994 2296 Maij
1013 2197 1300 2274 anniuersarium
1317 2225 1383 2298 pro
1400 2204 1523 2277 anima
1546 2201 1704 2300 magistri
1721 2203 1816 2275 Wil-

468 2324 566 2398 ielmi
585 2317 794 2414 Cryohtoun
812 2315 900 2389 olim
918 2315 1067 2387 reaorie
1083 2313 1130 2385 de
1148 2310 1268 2407 Owyn
1286 2338 1337 2388 xx
1351 2317 1381 2388 ἔ.
1398 2317 1461 2410 qui
1478 2316 1599 2413 obijt[
1716 2314 1815 2411 ]·de

467 2437 571 2509 terrie
596 2430 767 2504 videlicet
787 2429 926 2499 domini
949 2426 996 2499 de
1020 2421 1263 2498 Effilmontht
1295 2425 1360 2523 xiij
1397 2431 1427 2502 ἓ.
1445 2431 1495 2523 iiij
1523 2425 1558 2501 d.
1580 2440 1620 2501 et
1642 2429 1689 2502 de
1706 2429 1815 2500 domo

465 2548 553 2622 olim
579 2536 738 2638 magistri
758 2539 938 2613 Johannie
955 2538 1165 2632 Cummyng
1189 2561 1289 2611 nuno
1309 2536 1491 2612 willermi
1509 2539 1654 2634 Quhytt
1680 2543 1717 2612 in
1735 2543 1815 2611 vico

466 2663 644 2733 furcarum
663 2646 913 2725 Aberdonenfi
932 2673 977 2722 ex
997 2660 1101 2744 parte
1119 2649 1288 2722 orientali
1306 2648 1466 2722 eiusdem
1485 2653 1520 2744 vj
1538 2654 1568 2722 ἔ.
1586 2649 1647 2748 viij
1666 2649 1704 2724 d.

517 2880 726 2956 Penultimo
764 2875 858 2974 Maij
903 2871 1190 2949 anniuersarium
1232 2897 1297 2968 pro
1337 2875 1460 2946 animo
1491 2873 1650 2972 magistri
1684 2876 1812 2949 Jacobi

465 2995 632 3093 Ogyluye
655 2992 798 3064 abbatia
821 2990 866 3061 de
890 2985 1105 3082 Dryburght
1126 2996 1165 3057 et
1185 2985 1367 3058 rettorieo
1384 2983 1539 3058 Kinkell
1557 3027 1565 3045 ·
1585 2985 1687 3084 xxiiij
1707 2991 1736 3061 ἓ.
1762 2991 1815 3059 in-

464 3109 569 3203 super
593 3102 810 3199 pauperibus
834 3113 874 3174 et
900 3093 1050 3171 diuersas
1067 3095 1149 3194 alija
1167 3093 1425 3170 distribuendis
1447 3111 1554 3193 prout
1571 3102 1609 3172 in
1626 3104 1736 3174 cartis
1752 3104 1815 3173 de·

466 3221 569 3315 super
584 3216 757 3291 eonfettia
767 3207 930 3308 expreise
940 3212 1153 3285 continetur
1166 3211 1205 3280 in
1222 3208 1283 3281 die
1300 3210 1423 3282 obitus
1439 3207 1491 3282 sui
1509 3252 1518 3269 ·
1537 3215 1653 3284 xxxix
1664 3215 1694 3286 ἓ.
1706 3213 1756 3309 iiij
1776 3210 1812 3286 (i.

465 3331 624 3406 fundatio
641 3352 705 3424 per
719 3324 963 3400 venerabilem
977 3325 1095 3394 virum
1114 3317 1327 3417 magistrum
1339 3321 1592 3395 Alexandrum
1611 3322 1813 3420 Gallouayo

465 3449 638 3518 reitorem
656 3466 679 3513 a
694 3437 851 3511 Kinkell
869 3450 910 3509 vt
936 3431 1016 3531 post
1032 3435 1128 3506 inira
1144 3474 1153 3490 ·
1172 3433 1219 3506 de
1244 3433 1371 3506 oroitie
1393 3434 1569 3506 <littorum
1598 3437 1809 3510 vicariorum

466 3581 563 3630 nuno
581 3554 732 3628 Dauidis
746 3550 873 3645 Qunyt
890 3551 930 3620 in
942 3545 1146 3621 feudisrrma
1172 3545 1312 3618 voeatis
1338 3544 1470 3642 Grynia
1496 3548 1620 3619 oroftis
1637 3551 1673 3620 in
1695 3549 1812 3644 Futye

465 3668 667 3744 iacentibus
683 3705 692 3722 ·
719 3666 781 3757 qui
798 3663 890 3755 obijt
907 3683 1003 3734 anno
1023 3657 1172 3730 Domini
1191 3676 1343 3729 rnnxv.
1362 3653 1515 3753 Pariiijs.

449 3977 453 3990 Ι
517 3890 707 3962 Dominioa
723 3888 838 3983 prima
856 3880 936 3979 post
952 3879 1084 3955 festum
1103 3883 1282 3954 trinitatis
1308 3881 1591 3956 anniuerlirrium
1608 3909 1673 3980 pro
1690 3889 1812 3961 anima

465 3999 623 4100 magistri
641 4001 775 4073 Adami
793 3998 971 4071 Gordoun
996 3994 1084 4068 olim
1109 3995 1258 4066 maon
1283 4017 1305 4066 a
1331 3992 1485 4068 Kinkell
1504 3994 1555 4095 iiij
1575 3997 1636 4070 lio.
1665 4022 1690 4070 x
1708 4004 1738 4074 ἓ.
1765 4002 1811 4072 de

464 4115 589 4194 omitia
606 4113 795 4204 ‚diaorum
820 4111 1037 4183 vicariorum
1063 4105 1204 4179 vocatia
1229 4105 1312 4201 Fyll
1338 4115 1385 4198 po
1410 4131 1479 4204 cop
1503 4110 1600 4206 apud
1626 4111 1663 4206 ly
1692 4113 1814 4184 thenis

466 4230 567 4323 brige
596 4222 801 4298 iacentibus
830 4243 929 4295 nuno
957 4222 996 4292 in
1023 4219 1193 4293 manibus
1222 4215 1384 4315 magistri
1410 4219 1588 4296 Johannia
1615 4222 1813 4296 Gordonne

464 4334 650 4434 burgensis
674 4334 721 4409 do
737 4333 905 4407 Abirden
923 4373 932 4390 ·
950 4333 1013 4426 qui
1039 4329 1133 4429 obijt
1159 4353 1257 4405 anno
1287 4329 1434 4406 Domini
1461 4355 1628 4408 ranvrrr.
1654 4335 1812 4409 seeundo

463 4473 578 4528 nom
596 4446 756 4543 Aptius.
