4546 5922
500 691 572 758 304
1017 685 1328 760 REGISTRUM
1683 695 1836 792 [secuti

499 895 571 956 tam
591 895 728 960 etatem
746 896 787 961 vt
803 888 1027 984 premittitur
1039 881 1238 959 existentes
1255 889 1294 959 iii
1312 889 1495 960 ciuitatem
1513 895 1553 960 et
1567 889 1835 966 uniuersitatem

498 999 721 1074 infeodamus
738 1011 777 1074 et
802 1003 870 1074 liac
886 998 1053 1096 presente
1070 1009 1170 1072 carta
1187 996 1310 1072 nostra
1325 1000 1546 1071 inleodainus
1564 1023 1649 1072 cuni
1669 1006 1836 1076 omnibus

497 1111 633 1184 iuribus
656 1113 888 1186 libertatibus
915 1123 954 1186 et
977 1112 1177 1208 priuilegijs
1206 1112 1253 1184 ad
1281 1112 1466 1185 ciuitatem
1496 1121 1536 1183 et
1565 1110 1836 1186 uniuersitatem

496 1221 736 1316 spatiantibus
753 1235 793 1298 et
809 1226 900 1298 adeo
918 1225 1031 1298 libere
1048 1221 1141 1298 licut
1157 1225 1280 1318 aliqua
1296 1225 1462 1296 ciuitates
1478 1220 1540 1294 seu
1554 1221 1765 1295 rniuersitaa
1781 1227 1836 1296 in·

496 1335 549 1406 lra
565 1359 716 1431 reguum
733 1333 895 1407 nostrum
912 1337 1119 1408 infeodetur
1135 1346 1201 1408 ant
1218 1332 1433 1430 possidetur·
1450 1344 1489 1408 et
1505 1358 1571 1430 pro
1587 1337 1713 1407 maiori
1726 1336 1836 1407 lirini·

495 1457 572 1518 tate
588 1471 630 1520 ac
647 1447 789 1518 clariori
806 1448 977 1518 libertate
994 1446 1155 1541 preditte
1176 1449 1339 1521 ciuitatis
1356 1457 1393 1520 et
1409 1441 1652 1520 vniuerfitatis
1677 1469 1744 1518 nec
1760 1467 1833 1516 non

493 1580 558 1650 pro
575 1557 718 1650 speciali
744 1557 940 1628 deuotione
957 1580 1066 1648 quam
1082 1560 1244 1652 gerimus
1261 1582 1348 1654 erga
1361 1555 1639 1656 glorioliffimam
1658 1561 1834 1654 virginem

494 1667 651 1738 Mariani
668 1676 859 1759 patronam
880 1661 1031 1737 ecclesie
1048 1667 1268 1740 cathedralia
1285 1666 1543 1743 Abirdonensis
1561 1671 1598 1742 in
1616 1670 1761 1742 laudeni
1794 1680 1833 1743 et

492 1781 665 1850 honorem
683 1773 843 1848 eiusdem
862 1787 900 1848 et
918 1799 983 1870 pro
994 1773 1234 1872 singularibus
1251 1781 1374 1852 lauore
1388 1782 1466 1853 zelo
1483 1791 1523 1853 et
1536 1782 1728 1856 diletione
1745 1805 1834 1875 quos

492 1889 663 1961 babemus
675 1911 760 1982 erga
772 1889 1012 1959 reuerendum
1025 1891 1062 1960 in
1073 1885 1217 1960 Clirillo
1231 1899 1371 1983 patrem
1384 1891 1613 1964 Willelmnm
1626 1892 1671 1964 de
1684 1891 1834 1987 Elpbiu-

491 1997 595 2070 stoun
613 1997 773 2070 eiusdem
799 1995 948 2071 ecclesie
965 1999 1183 2072 cathedralis
1208 2003 1419 2072 modernum
1438 2000 1645 2097 episcopum
1662 2013 1701 2076 et
1718 2004 1833 2098 prela·

491 2125 570 2182 tuin
583 2106 825 2183 consiliarium
836 2106 997 2182 nostrum
1010 2113 1139 2182 intime
1152 2109 1327 2185 dilectum
1339 2109 1446 2184 nostri
1457 2113 1585 2186 secreti
1599 2109 1704 2210 sigilli
1718 2111 1834 2186 custo-

490 2225 573 2294 dem
591 2233 629 2294 et
645 2246 711 2317 pro
723 2220 793 2294 suis
804 2222 901 2294 fideli
917 2224 1079 2318 gratuito
1095 2219 1247 2296 seruieio
1262 2226 1399 2320 magnis
1415 2225 1596 2298 laboribus
1613 2236 1651 2298 et
1668 2221 1832 2320 expensis

490 2330 637 2406 diuersis
675 2336 898 2429 temporibus
933 2330 1061 2406 nostris
1099 2337 1138 2407 iii
1181 2335 1420 2432 legationibus
1452 2349 1492 2410 et
1532 2333 1749 2412 ambassietis
1786 2339 1832 2412 ad

491 2445 640 2520 Francis
674 2457 714 2518 et
738 2446 876 2542 Anglie
904 2469 1007 2543 reges
1036 2457 1076 2518 et
1102 2471 1217 2544 regnu
1241 2448 1450 2546 Burgundio
1479 2460 1519 2524 et
1544 2447 1693 2524 Austrie
1722 2451 1833 2526 duces

488 2557 645 2652 aliosque
680 2568 868 2654 magnates
901 2568 942 2633 et
977 2569 1098 2653 partes
1130 2569 1277 2633 exteras
1310 2585 1353 2634 ec
1385 2558 1567 2634 innostro
1600 2560 1748 2636 seruicio
1778 2565 1832 2634 iu·

488 2673 541 2742 lra
563 2667 723 2741 nostrum
745 2693 897 2766 reguum
922 2693 986 2764 pro
1007 2671 1194 2765 republica
1210 2681 1251 2743 et
1270 2672 1516 2765 tranquilitate
1538 2671 1697 2746 eiusdem
1714 2675 1832 2746 diuer-

487 2778 621 2854 limodo
648 2783 752 2855 riuis
777 2784 956 2854 ucetiam
985 2804 1050 2876 pro
1075 2783 1237 2855 utilitate
1263 2785 1384 2876 quiete
1407 2791 1446 2855 et
1470 2779 1664 2856 necessaria
1697 2781 1831 2857 susten·

486 2896 623 2966 tatione
639 2891 727 2966 dieti
746 2893 935 2965 reuerendi
953 2895 1067 2988 patris
1084 2891 1302 2986 suorumque
1315 2889 1545 2966 suceessorum
1558 2895 1708 2990 capituli
1725 2920 1831 2968 cauo·

488 3007 647 3077 uicorum
680 3005 948 3098 capellanorum
980 3014 1019 3076 et
1044 3003 1309 3100 suppositorum
1343 3005 1498 3099 preditis
1535 3002 1684 3080 ecclesie
1709 3009 1832 3082 cathe-

486 3117 593 3189 dralis
609 3119 769 3190 ciuitatis
787 3126 825 3188 ct
844 3113 1087 3189 uniuersitatis
1099 3111 1393 3211 Abbyrdoueniis
1404 3139 1446 3188 ac
1459 3140 1585 3189 eorum
1600 3117 1828 3192 familiarium

486 3242 525 3300 et
542 3228 753 3302 sei-nitornni
779 3229 915 3302 ibidem
941 3223 1177 3301 resrdentium
1204 3251 1367 3302 creamur
1383 3227 1533 3300 sacimns
1550 3239 1589 3302 et
1606 3229 1829 3304 inseodamus

485 3364 581 3412 nunc
598 3341 643 3412 de
670 3362 766 3413 nouo
791 3350 833 3411 vt
857 3341 956 3435 prius
981 3350 1020 3413 et
1045 3351 1172 3413 tenore
1197 3338 1370 3436 presentis
1397 3351 1496 3414 carte
1518 3339 1639 3414 nostre
1667 3365 1829 3418 creamus

484 3453 634 3524 iacimus
659 3464 699 3524 ct
724 3453 950 3524 infeodnmus
975 3452 1171 3546 predittem
1199 3453 1324 3525 villam
1348 3453 1393 3526 de
1415 3451 1492 3524 Ald
1509 3451 1723 3526 Abbirdone
1743 3477 1825 3527 cuni

483 3565 611 3636 bondis
635 3577 675 3636 et
699 3565 930 3658 pertinentijs
956 3565 993 3636 in
1018 3566 1209 3638 ciuitatem
1230 3577 1270 3638 et
1296 3559 1563 3638 uniuersitatem
1587 3589 1630 3638 ac
1657 3567 1693 3637 iu
1715 3589 1825 3638 vuum

482 3697 622 3749 merum
640 3687 679 3749 et
696 3675 852 3749 liberum
880 3675 1034 3772 burgum
1052 3678 1088 3748 iu
1108 3677 1258 3750 baronia
1274 3679 1536 3772 imperpetuum
1555 3715 1564 3733 ·
1581 3673 1825 3751 concessimus

483 3789 592 3860 etiam
609 3810 675 3882 per
686 3786 939 3883 presentesque
951 3789 1185 3863 concedimus
1195 3788 1480 3862 inhabitantibus
1489 3785 1633 3862 easdem
1646 3799 1685 3862 et
1698 3787 1826 3884 impos-

482 3913 600 3973 terum
616 3899 873 3973 inhabitaturis
889 3899 1088 3996 pleuariam
1105 3897 1323 3996 potestatem
1341 3909 1377 3972 ut
1392 3898 1599 3973 libertatem
1616 3902 1759 3973 euieudi
1784 3913 1823 3975 et

483 4012 659 4084 vendendi
686 4013 724 4083 iu
750 4007 825 4106 ipso
850 4011 966 4108 burgo
996 4015 1082 4086 rina
1107 4035 1228 4086 cerain
1259 4033 1416 4106 paunuin
1442 4009 1588 4084 laneum
1618 4023 1658 4085 et
1687 4013 1822 4086 lineum

481 4125 596 4199 latum
613 4135 652 4196 et
670 4121 831 4197 stritturu
855 4121 1000 4217 aliaque
1021 4124 1258 4198 mercimonia
1282 4145 1325 4196 ac
1349 4122 1500 4195 babeudi
1526 4133 1566 4196 et
1590 4125 1738 4198 tenendi
1755 4123 1824 4221 pis·

481 4249 578 4309 tores
594 4230 806 4310 brafiatores
828 4235 1015 4309 carnifices
1031 4247 1108 4308 tani
1126 4236 1292 4308 carnium
1308 4255 1413 4328 quain
1431 4230 1581 4329 piscium
1599 4233 1822 4308 macellarios

482 4345 639 4441 aliosque
664 4349 799 4420 artium
815 4347 996 4442 operarios
1020 4346 1065 4420 ad
1092 4345 1302 4420 libertatem
1319 4345 1419 4442 burgi
1436 4347 1474 4418 in
1491 4346 1639 4418 baronia
1654 4346 1823 4439 qualiter·

479 4483 622 4554 cunque
638 4457 842 4554 spatiantes
859 4499 870 4520 ·
887 4479 1030 4532 necnon
1046 4453 1284 4532 concellimua
1300 4465 1341 4530 et
1361 4457 1591 4532 concedimus
1608 4467 1649 4530 rt
1673 4459 1710 4530 iu
1728 4459 1822 4533 dini

479 4573 629 4646 ciuitate
645 4567 881 4645 uniuersitate
897 4579 937 4644 et
952 4569 1068 4669 burgo
1084 4565 1157 4644 lint
1172 4565 1366 4668 burgenses
1389 4565 1590 4666 prepofitur
1609 4569 1734 4644 bellini
1750 4567 1821 4645 ser·
