4526 5954
455 2658 562 2732 Bulla
580 2660 782 2734 Alexandri
802 2660 901 2756 Pape
919 2685 984 2757 pro
1002 2661 1173 2734 fratribus
1192 2657 1330 2733 Militie
1346 2659 1486 2756 Templi
1505 2702 1512 2716 ·

454 2865 680 2961 Alexander
695 2886 882 2984 episcopus
898 2886 1023 2960 seruus
1049 2885 1233 2960 seruorum
1252 2884 1323 2959 Dei
1347 2885 1611 2959 venerabilibus
1628 2886 1799 2960 fratribus

453 2997 727 3095 archiepiscopis
753 3011 792 3074 et
817 2997 992 3096 episcopis
1017 3013 1057 3073 et
1075 2998 1216 3072 dilettis
1233 2997 1316 3093 filijs
1340 2997 1532 3072 abbatibus
1556 2998 1733 3094 prioribus
1759 3010 1798 3069 et

453 3109 534 3208 alijs
559 3109 790 3186 ecclesiarum
819 3112 968 3208 prelatis
984 3111 1030 3184 ad
1048 3134 1138 3207 qnos
1155 3108 1341 3206 presentes
1358 3112 1464 3184 litere
1489 3112 1721 3205 peruenerint
1746 3112 1799 3184 sa·

452 3224 570 3298 lutem
587 3235 626 3297 et
644 3222 876 3320 apostolicam
890 3225 1178 3298 benedittionem
1196 3261 1205 3279 ·
1223 3222 1316 3295 Gom
1334 3219 1610 3317 mineriispene
1630 3223 1799 3297 fidelibus

452 3348 582 3410 notum
596 3335 730 3411 existat
746 3337 843 3432 quod
857 3337 979 3412 dilecti
994 3337 1058 3431 iilij
1073 3337 1204 3410 fratres
1221 3335 1355 3409 milicie
1371 3335 1498 3430 tempii
1515 3358 1580 3430 pro
1590 3331 1799 3409 defensione

452 3449 639 3523 orientalis
666 3445 816 3524 ecclesie
851 3449 990 3522 labores
1015 3445 1217 3521 sustineant
1241 3458 1280 3521 et
1310 3448 1489 3542 quomodo
1513 3446 1576 3520 soli
1603 3445 1796 3522 Christiani

452 3564 609 3636 nominis
625 3563 782 3636 inimicis
806 3563 922 3635 crucis
938 3557 1072 3633 Christi
1097 3558 1134 3633 se
1158 3558 1251 3655 ipsos
1267 3570 1452 3656 opponant
1476 3559 1581 3633 decet
1597 3562 1799 3654 quemlibet

452 3671 697 3749 Christianum
714 3675 893 3770 predictos
906 3674 1035 3746 fratres
1052 3672 1196 3770 speciali
1214 3675 1365 3746 caritate
1381 3673 1529 3770 diligere
1545 3698 1587 3746 ac
1604 3671 1639 3746 se
1652 3686 1692 3747 et
1708 3675 1799 3749 alios

451 3789 498 3861 ab
508 3786 665 3884 ipsorum
678 3783 818 3859 molesti
816 3788 853 3881 js
866 3799 905 3859 et
918 3786 1058 3879 iniurijs
1071 3785 1241 3860 cohibere
1258 3826 1267 3844 ·
1286 3785 1380 3858 Inde
1395 3782 1449 3859 est
1465 3787 1559 3881 quod
1572 3784 1797 3862 minersttati

451 3895 569 3972 vestre
585 3895 762 3972 adinstar
786 3897 901 3972 salicis
917 3897 1176 3971 recordationis
1202 3896 1356 3993 Honorij
1374 3908 1413 3971 et
1435 3897 1644 3996 Innocencij
1671 3902 1799 3996 prede·

453 4006 674 4085 decefforum
690 4007 893 4083 nostrorum
913 4009 1160 4083 Rhmanornm
1177 4011 1390 4106 pontificum
1407 4033 1473 4106 per
1487 4009 1680 4107 apostolica
1696 4037 1799 4086 man·

453 4124 582 4196 damus
599 4134 639 4194 et
655 4123 874 4218 precipimus
890 4125 1062 4217 quatinus
1087 4122 1313 4216 parochianis
1330 4119 1455 4195 vestris
1475 4121 1539 4196 snb
1555 4124 1799 4198 anathematis

454 4236 898 4309 interminationevocctis
908 4258 955 4308 ne
966 4229 1256 4331 posseffionesvel
1266 4235 1561 4308 redditnseorum
1573 4235 1631 4309 vel
1642 4237 1799 4312 resalias

453 4345 633 4422 violenter
648 4347 791 4420 auferre
808 4347 867 4420 vel
884 4347 1060 4420 alimenta
1077 4348 1235 4421 retinere
1251 4345 1459 4442 presumant
1482 4348 1541 4421 vel
1557 4348 1646 4422 alias
1662 4347 1797 4424 eisdem

453 4464 611 4557 irrogare
627 4457 691 4532 ·Si
704 4459 864 4553 quivero
877 4461 1131 4555 prohibitionis
1147 4459 1255 4533 huius
1272 4469 1502 4556 contemptor
1512 4462 1678 4534 extiterit
1689 4471 1729 4535 et
1745 4462 1799 4536 se·

425 4605 427 4608 ·
454 4573 574 4650 cundo
590 4573 750 4645 tertione
767 4573 1010 4645 commonitus
1027 4574 1180 4646 minime
1199 4567 1437 4666 resipiscuerit
1452 4569 1599 4668 quisque
1615 4576 1801 4668 parochia-

454 4708 543 4762 num
561 4683 665 4758 snum
679 4683 827 4759 vinculo
838 4685 1226 4760 excommunicationis
1243 4681 1443 4784 stringatet
1458 4688 1497 4759 in
1509 4683 1596 4760 locis
1613 4688 1800 4783 inquibus
