4612 5964
422 737 466 802 52
940 721 1253 798 REGISTRUM
1618 725 1771 822 [secum

419 1039 575 1114 Taracio
612 1036 842 1114 eeclesiarum
881 1047 922 1110 et
960 1033 1224 1110 beneficiorum
1266 1055 1330 1128 per
1366 1028 1613 1126 episcopatum
1653 1033 1771 1105 Aber-

421 1151 643 1226 ‹lonensem-

548 1372 757 1446 Deeanatus
774 1373 820 1444 de
839 1371 925 1444 Mar
942 1411 951 1428 ·
1124 1369 1328 1442 Dummeth
1344 1367 1417 1462 iiij·
1436 1389 1558 1439 marce
1575 1407 1583 1424 ·

1124 1479 1350 1576 Kynbethok
1385 1479 1495 1572 ·xviij·
1532 1499 1652 1550 merce
1687 1499 1769 1548 curn

420 1591 659 1689 Kyndroohet
680 1595 742 1688 iij·
763 1615 885 1664 meree
911 1614 997 1662 eum
1021 1593 1075 1664 di·
1177 1593 1349 1665 dimidia·

470 1707 583 1778 midia
601 1745 610 1762 ·
1126 1701 1372 1798 Innemoehty
1389 1703 1463 1796 ·xiJ·
1481 1723 1602 1774 marce
1620 1741 1627 1756 ·

419 1817 571 1910 Creythi
589 1817 660 1909 ·vij·
678 1837 825 1888 marce·
1126 1811 1343 1909 Codylstane
1359 1815 1433 1908 eiij·
1451 1835 1598 1886 marce·

419 1925 618 2020 Kynmuek
637 1925 710 2018 ·xij·
730 1947 850 1996 marce
870 1963 878 1980 ·
1126 1923 1395 2022 Logynuthuen
1412 1925 1512 2020 ·xiiij·
1530 1947 1677 1998 marce·

419 2035 550 2131 Obeyn
567 2049 607 2109 et
623 2034 912 2129 'Pulpnathtlayk
1124 2035 1219 2110 Coul
1237 2037 1320 2130 miii·
1335 2060 1455 2110 meree
1472 2079 1481 2096 ·
1501 2038 1547 2111 de
1567 2037 1698 2131 quibus
1719 2041 1771 2110 vi-

468 2171 534 2241 per
549 2149 724 2220 retierem
743 2147 854 2240 ·xxrj·
874 2167 1022 2216 marce·
1177 2149 1294 2219 carius
1332 2144 1561 2240 respondebit
1599 2172 1665 2242 pro
1699 2149 1771 2242 iiij-

469 2281 533 2352 per
550 2257 723 2330 ricarium
742 2257 815 2350 iiij·
836 2279 958 2328 meree
976 2295 984 2310 ·
1177 2259 1333 2329 marcis·

418 2368 509 2442 Brrs
526 2369 653 2462 0xxiiij·
672 2391 792 2440 marce
810 2409 818 2424 ·

419 2480 641 2577 Kyneardyn
660 2481 759 2572 ·xxij·
779 2502 901 2552 meree
921 2521 928 2536 ·
1126 2477 1329 2576 Fethyrner
1343 2481 1401 2574 iij·
1411 2503 1531 2553 meree
1543 2492 1580 2552 et
1595 2481 1741 2554 dirrririirr
1761 2525 1768 2540 ·

421 2593 480 2690 [et
490 2604 588 2666 terre
597 2586 836 2666 ecelesiastica
847 2614 922 2663 ·xx·
937 2587 1071 2684 libre]
1127 2587 1348 2687 Munymussr
1367 2615 1464 2664 mxx·
1483 2615 1629 2665 meree·

419 2703 625 2778 Lumirrnrrn
643 2705 754 2798 ·xriij·
774 2725 898 2776 marce
930 2741 938 2757 ·

417 2816 537 2912 Cluny
554 2817 638 2910 ·viij·
658 2838 779 2888 rneree
796 2855 805 2873 ·
1204 2815 1354 2889 Summi
1370 2817 1479 2912 hujus
1495 2819 1692 2891 decanatus

419 2925 618 3021 Migmrrrre
636 2925 692 3017 ·rj·
712 2947 833 2997 marce
851 2965 859 2982 ·
1218 2947 1307 3000 ecc·
1321 2939 1359 3000 et
1372 2927 1521 3022 ·lxxriij·
1536 2951 1677 3002 meree·

419 3036 620 3131 Kynnerny
638 3038 695 3130 ej·
715 3058 836 3108 meree
852 3075 860 3094 ·
875 3037 922 3108 de
940 3037 1075 3129 quibus

467 3149 620 3221 vicarius
654 3145 888 3240 respondebit
919 3169 984 3240 pro
1016 3149 1072 3240 ·ij·

466 3260 597 3332 marcis
613 3282 697 3331 eum
716 3257 894 3330 dimidia·
1217 3258 1422 3334 Deeanatus
1440 3263 1486 3336 de
1502 3262 1690 3335 Buehnrrirr
1709 3305 1717 3320 ·

415 3371 544 3443 Tulich
563 3371 636 3464 iiij·
656 3391 777 3443 marce
796 3409 804 3426 ·

418 3481 524 3576 Kege
541 3505 588 3553 ·x·
608 3505 729 3554 merce
748 3521 756 3538 ·
1126 3480 1294 3556 Feuerne
1307 3485 1407 3578 ·xiiij·
1425 3509 1545 3560 marce
1563 3529 1570 3544 ·

418 3593 545 3666 Aiiord
563 3593 673 3687 aviij·
693 3615 813 3666 marce
832 3635 840 3650 ·
1123 3592 1226 3690 Logy
1244 3597 1351 3689 ·xriij·
1371 3619 1518 3670 meree·

418 3702 554 3779 bochel
573 3727 620 3776 ·x·
638 3726 758 3777 meree
776 3741 785 3760 ·
802 3705 849 3776 de
866 3704 1000 3798 quibus
1019 3707 1072 3776 vi·
1126 3703 1220 3778 Eion
1238 3729 1304 3802 per
1320 3709 1489 3782 ricarium
1508 3735 1580 3783 ·xx·
1599 3735 1743 3784 marre·

466 3817 583 3890 eeriur
600 3817 753 3910 percipit
770 3817 845 3910 iiij·
864 3837 1006 3890 merens
1024 3857 1033 3874 ·
1174 3839 1239 3912 per
1255 3819 1426 3892 restorem
1445 3819 1517 3914 ·lvj·
1536 3844 1681 3894 meree·

417 3923 607 4021 Cuseireny
626 3929 685 4000 ix·
705 3949 825 4000 merce
844 3969 852 3986 ·
1124 3928 1249 4025 Furuy
1266 3931 1322 4024 ej·
1338 3953 1485 4006 meree·

418 4037 553 4112 Forbes
570 4039 655 4130 ·viij·
672 4059 793 4111 meree
812 4079 820 4096 ·
1118 4040 1252 4138 Sitnye
1278 4043 1373 4138 avij·
1398 4065 1520 4120 meree
1538 4085 1547 4104 ·
1565 4067 1630 4140 per
1655 4063 1768 4120 terrar-

417 4151 672 4248 Kyndrummy
689 4151 761 4244 ·rij·
780 4171 901 4222 marce
920 4189 928 4206 ·
1155 4151 1314 4227 eiusdem
1325 4157 1369 4248 ij-
1380 4179 1500 4230 meree
1509 4181 1592 4231 cum
1605 4159 1768 4232 dimidia·

415 4261 840 4358 anuelnynetiiiguetir
853 4283 924 4334 αι·
937 4283 1073 4336 meree·
1122 4264 1302 4340 Crovdan
1319 4267 1379 4340 ·xi·
1395 4289 1518 4344 meree
1535 4312 1544 4330 ·

417 4372 574 4448 Clouetir
590 4373 648 4467 iii·
665 4393 787 4446 meree
799 4395 884 4446 eum
899 4372 1071 4446 dimidia·
1124 4373 1309 4474 Inuerugy
1326 4377 1424 4454 Petri

418 4485 773 4578 Dnurehendomij·
792 4507 941 4558 meree·
1173 4487 1428 4584 pernetam
1447 4494 1543 4588 avij·
1561 4515 1707 4568 mmo.

419 4597 672 4672 Mortheineire
690 4618 789 4670 m·
808 4619 931 4670 meree
949 4633 958 4652 ·
1172 4623 1239 4696 per
1255 4603 1424 4676 vicarium
1443 4627 1513 4678 ·xr·
1532 4627 1679 4680 marce·
