4612 5964
432 701 501 768 100
953 685 1260 762 REGIsTRUM
1627 693 1780 790 [sacunr

431 891 645 988 capellania
660 889 823 966 ciusdem
841 881 1001 984 magistri
1018 883 1043 955 J
1045 884 1197 958 ohannis
1214 907 1323 978 quam
1340 884 1449 957 habet
1471 883 1641 982 magister
1658 888 1779 962 Dauid

483 1004 641 1098 Mengeo
658 1002 862 1077 extendens
879 999 924 1074 ad
944 998 991 1092 vij
1008 995 1071 1070 tio.
1090 996 1124 1090 vj
1143 996 1177 1067 li.
1195 997 1255 1090 viij
1275 991 1311 1068 o.
1331 995 1390 1092 [et
1405 1018 1478 1068 non
1495 993 1629 1070 residet
1646 997 1679 1094 ·]

433 1113 530 1188 ltem
548 1116 635 1210 xxvj
655 1111 685 1186 l.
704 1114 765 1208 viij
783 1109 820 1184 d.
839 1111 953 1205 empti
972 1132 1037 1204 per
1049 1107 1253 1182 Henricum
1266 1105 1470 1201 episcopum
1483 1106 1780 1182 Abcrdonensem

433 1225 657 1300 aOouentre
675 1265 684 1285 ·

533 1446 688 1520 Summa
703 1445 811 1518 huius
830 1443 1015 1517 facultatis
1032 1451 1139 1515 extra
1154 1437 1443 1513 distributionem
1460 1437 1506 1510 de
1523 1437 1691 1533 presente

908 1553 972 1646 xlij
992 1553 1055 1625 lin.
1073 1552 1137 1647 xiij
1155 1553 1188 1623 ii.
1206 1553 1257 1645 iiij
1275 1549 1312 1624 d.

513 1778 667 1852 Summa
683 1777 796 1848 totius
813 1774 998 1846 facultatis
1015 1775 1054 1844 in
1071 1770 1322 1846 distributione
1338 1775 1519 1847 communi
1537 1780 1577 1846 et
1593 1784 1697 1846 extra

760 1881 1051 1958 distributionem
1068 1884 1278 1979 ij‘iiijffiviij
1295 1884 1357 1958 tin.
1373 1886 1410 1958 ix
1427 1881 1462 1956 ii.

436 2331 494 2404 lle
521 2331 729 2404 communia
752 2323 903 2421 capituli
927 2320 1117 2398 sustentati
1144 2319 1291 2420 singulis
1316 2328 1418 2399 annis
1443 2341 1483 2399 rt
1510 2326 1671 2422 sequitur
1695 2355 1779 2404 cum

435 2455 591 2538 quotuor
615 2441 717 2514 libris
742 2440 788 2510 tle
816 2439 954 2510 decano
979 2435 1139 2509 ciusdem
1165 2436 1314 2530 capituli
1346 2438 1566 2511 extendente
1586 2441 1625 2512 in
1643 2438 1781 2514 summa

434 2554 479 2628 od
498 2553 628 2650 viginti
646 2549 709 2624 sex
735 2549 843 2622 librae
864 2543 1129 2621 distribuendas
1154 2543 1303 2644 lingulis
1328 2549 1430 2620 onnia
1454 2545 1597 2622 sacriste
1614 2561 1653 2623 et
1671 2552 1783 2624 vnde·

434 2667 505 2738 cim
531 2664 653 2760 pueris
680 2660 853 2754 quamdiu
880 2659 1017 2731 fuerint
1046 2660 1084 2730 in
1114 2679 1202 2732 voce
1227 2659 1358 2754 puerili
1382 2700 1392 2716 ·
1417 2671 1456 2732 et
1481 2657 1669 2756 postquam
1699 2664 1780 2736 illas

436 2797 542 2848 roceo
568 2770 767 2848 amiserunt
795 2769 937 2843 licitum
963 2769 1033 2842 erit
1058 2771 1221 2864 predico
1242 2769 1402 2866 capitulo
1425 2770 1568 2846 eosdem
1592 2797 1780 2849 remouere

435 2889 571 2958 totiena
588 2886 757 2978 quotiens
779 2903 871 2975 opua
892 2881 1004 2954 iucrit
1029 2891 1068 2954 et
1089 2879 1180 2954 alioa
1206 2882 1243 2954 in
1269 2881 1464 2956 eorundem
1482 2883 1571 2958 locis
1594 2886 1779 2981 imponere

434 3009 473 3067 et
491 2993 708 3069 instituere·

582 3327 634 3402 Et
654 3327 701 3400 de
717 3325 926 3398 communia
943 3322 1094 3418 capituli
1216 3377 1224 3392 .
1326 3377 1335 3394 .
1433 3381 1442 3398 .
1561 3331 1596 3424 rj
1615 3330 1677 3402 lin.

1497 3438 1650 3514 Summo
1671 3466 1695 3513 x
1714 3443 1776 3516 lili.

432 3547 505 3634 Qui
523 3547 674 3621 habebit
699 3567 764 3640 pro
788 3541 992 3639 pulsatione
1017 3567 1273 3640 campanarum
1290 3547 1440 3621 cuilibet
1456 3550 1503 3622 de
1520 3556 1674 3625 mortuis
1699 3557 1724 3649 ij
1742 3552 1776 3628 ii.

434 3657 483 3732 Et
501 3657 612 3732 nichil
630 3657 787 3754 amplius
804 3678 923 3750 neque
940 3655 1061 3728 minua
1078 3695 1087 3714 ·

432 3881 585 3952 Summo
610 3879 725 3951 totius
750 3875 936 3951 facultatis
962 3877 1121 3970 prediRo
1137 3875 1287 3952 ecclelie
1309 3877 1583 3975 preibiterorum
1610 3885 1776 3961 diacono-

432 4012 511 4062 rum
528 3988 830 4064 snbdiaconorum
853 3987 1090 4062 accolitorum
1117 3987 1372 4084 Mydlettroun
1395 3993 1432 4064 in
1457 3989 1711 4072 distributione
1736 4013 1774 4072 et

431 4111 536 4174 extra
561 4097 853 4173 distributionem
879 4093 1114 4172 residentium
1141 4117 1181 4173 et
1210 4122 1283 4173 non
1312 4097 1542 4177 monentium
1571 4103 1712 4182 nenne
1734 4125 1774 4184 et

431 4232 624 4304 puerorum
648 4211 694 4283 dc
716 4210 924 4284 commonia
949 4219 1071 4304 preter
1088 4213 1261 4284 ricarium
1287 4208 1396 4286 sauci
1413 4212 1582 4311 Mauricij
1607 4219 1772 4295 etloum

430 4322 601 4396 clericum
620 4319 881 4418 parrochialem
897 4321 1055 4416 iij‘xxiiij
1073 4319 1137 4394 lin.
1155 4323 1194 4396 ix
1212 4319 1243 4394 li.
