4612 5964
533 733 619 828 xc]
1008 736 1419 814 Aeunuonunsn.
1841 749 1885 814 ει

532 932 732 1024 antiphona
757 931 863 1030 snper
890 936 1015 1010 landes
1033 979 1042 995 ·
1062 937 1106 1009 In
1125 940 1258 1009 ceteris
1284 947 1409 1008 autem
1428 935 1523 1004 horis
1547 955 1611 1027 per
1628 945 1743 1004 totam
1761 937 1887 1008 horam

533 1042 664 1113 lrabeat
678 1041 714 1115 se
728 1045 859 1120 elrorus
871 1048 1036 1142 prediolo
1050 1050 1157 1119 modo
1171 1045 1253 1140 post
1268 1047 1437 1116 ultimum
1453 1043 1592 1116 versum
1608 1046 1724 1117 vltimi
1739 1045 1884 1140 psalmi·

847 1272 902 1345 De
920 1266 1155 1344 connersrone
1172 1269 1217 1339 ad
1236 1263 1375 1339 missam
1394 1269 1586 1340 facienda.

529 1493 590 1563 Ad
609 1491 745 1568 millam
763 1497 945 1589 prediaus
957 1487 1078 1588 gestus
1092 1491 1298 1562 attenditur
1311 1491 1399 1561 dum
1418 1511 1559 1563 onorem
1578 1512 1619 1562 m
1638 1513 1816 1564 excursis
1831 1497 1884 1565 in-

528 1605 681 1677 choatur
696 1604 883 1700 quousque
901 1607 1032 1677 chorus
1052 1613 1177 1673 cantet
1196 1642 1204 1659 ·
1224 1613 1263 1672 et
1281 1603 1319 1672 in
1338 1602 1466 1674 eodem
1485 1605 1608 1695 impno
1625 1607 1669 1674 ad
1688 1605 1756 1674 heo
1774 1607 1883 1678 verbo

528 1735 733 1788 noonnnus
758 1737 807 1788 ru
825 1727 864 1787 et
880 1715 926 1787 od
945 1715 1013 1784 lrec
1041 1713 1148 1784 verba
1170 1733 1326 1786 susorru
1355 1733 1678 1786 uurnucnrronuu
1703 1736 1879 1788 nosrnnn

526 1837 565 1897 et
582 1828 620 1897 in
638 1827 710 1897 line
727 1824 887 1899 eiusdem
905 1847 989 1894 oum
1007 1823 1141 1894 dicitur
1165 1824 1263 1896 Jusu
1287 1824 1460 1897 Cnmsru
1487 1822 1595 1918 usqne
1620 1829 1664 1898 ad
1691 1822 1878 1919 epistolam

528 1937 583 2008 vel
599 1935 794 2008 lectionem
808 1975 817 1994 ·
831 1936 869 2006 in
884 1934 957 2005 fine
969 1934 1126 2028 gradalis
1138 1935 1195 2008 rel
1208 1957 1398 2008 nouorum
1410 1936 1468 2008 rel
1480 1938 1613 2010 traaus
1625 1938 1680 2009 vel
1693 1937 1879 2030 sequentic

526 2047 583 2118 vel
601 2045 703 2140 prose
719 2049 851 2118 chorus
868 2045 914 2117 ed
932 2045 1048 2118 altere
1065 2045 1101 2118 se
1119 2048 1273 2120 inclinet
1298 2058 1493 2140 nnthuom
1513 2049 1558 2118 ad
1577 2048 1745 2121 letiorem
1768 2073 1879 2120 cunn-

523 2158 608 2251 gelij
625 2156 681 2252 [se
695 2155 835 2250 vertat]
852 2198 860 2214 ·
877 2155 937 2228 Ito
950 2159 1046 2250 quod
1061 2161 1105 2230 nd
1121 2181 1262 2233 onemo
1277 2179 1359 2230 mur
1380 2179 1531 2230 nonme
1549 2158 1687 2253 semper
1703 2161 1748 2232 ad
1762 2160 1876 2232 altore

523 2271 652 2341 chorus
663 2263 961 2363 conuertutsrgno
972 2272 1089 2342 crucis
1100 2268 1136 2342 se
1146 2266 1392 2365 srgnansquod
1401 2271 1510 2342 terad
1522 2266 1656 2342 missam
1667 2269 1877 2344 obseruator

524 2379 666 2472 publice
684 2377 822 2450 scilicet
843 2381 888 2450 ad
907 2399 1050 2450 onorem
1069 2401 1110 2451 m
1130 2403 1311 2454 uxcnnsrs
1337 2405 1418 2452 com
1439 2382 1572 2453 dicitur
1589 2403 1631 2452 m
1649 2403 1788 2454 onorem
1809 2404 1874 2455 nur

523 2511 654 2562 rnrms
668 2503 706 2564 ct
719 2491 778 2562 hio
792 2515 876 2564 cum
891 2492 1026 2564 dicitur
1039 2513 1179 2563 onomn
1198 2514 1280 2564 rrur
1301 2512 1453 2564 nonme
1467 2488 1596 2585 etpost
1613 2513 1873 2566 sonoroscum

520 2603 654 2674 dicitnr
670 2623 915 2675 uunemcrus
933 2623 1003 2680 om
1024 2623 1143 2674 venrr
1162 2624 1203 2674 m
1223 2623 1379 2674 nonme
1397 2622 1538 2673 nomm
1553 2643 1562 2660 ·
1578 2601 1673 2672 Item
1690 2605 1735 2674 od
1753 2607 1876 2699 incep-

521 2717 657 2786 tionem
675 2736 803 2789 cnssoo
823 2737 865 2788 rx
884 2735 997 2786 vxun
1018 2735 1127 2785 nuum
1146 2711 1217 2785 stet
1235 2715 1367 2787 chorus
1389 2712 1581 2784 conuersus
1598 2711 1782 2806 quousque
1800 2714 1874 2808 ipse

519 2827 648 2897 chorus
661 2838 787 2900 cantet
804 2839 844 2899 ct
862 2829 1008 2898 interim
1024 2837 1081 2898 ter
1093 2827 1128 2896 in
1147 2847 1217 2896 mo
1229 2820 1466 2898 oonnerlione
1479 2825 1524 2896 ml
1537 2823 1652 2896 ultore
1668 2824 1704 2897 se
1722 2826 1874 2898 inclinet

519 2936 655 3010 scilicet
681 2961 764 3010 cum
792 2939 926 3010 dicitur
946 2938 1015 3010 hec
1038 2935 1197 3009 clausula
1224 2956 1271 3007 nr
1300 2955 1542 3006 monnnnrus
1569 2956 1634 3006 rsr
1654 2957 1703 3008 mr
1721 2958 1874 3009 senum*

518 3069 661 3121 sonoro
680 3069 733 3120 ux
752 3049 891 3122 Minu
919 3069 1084 3120 rrnornu
1100 3087 1109 3106 ·
1128 3047 1286 3120 secundo
1306 3068 1353 3119 nr
1372 3067 1482 3119 nouo
1500 3067 1641 3118 ruerus
1659 3068 1725 3120 nsr
1742 3071 1876 3122 crucr-

520 3179 634 3232 rrxos
661 3180 780 3230 mun
807 3181 879 3232 sun
915 3159 1062 3232 Ponrro
1090 3159 1236 3231 Puero
1265 3201 1276 3220 ·
1308 3158 1359 3230 Et
1393 3161 1431 3229 in
1455 3159 1527 3230 fine
1555 3181 1638 3229 cum
1666 3160 1800 3232 dicitur
1827 3182 1874 3232 ur

519 3291 639 3342 vrum
667 3291 842 3343 vannum
868 3290 1004 3343 secum
1032 3291 1139 3342 Arrun·
1157 3270 1346 3364 quousque
1372 3269 1563 3340 inchoetur
1587 3267 1808 3341 offertorium
1835 3283 1874 3342 cl.

519 3379 597 3474 post
614 3382 838 3453 oll‘crtorium
857 3381 1042 3475 quousque
1059 3392 1179 3454 totum
1198 3380 1429 3473 compleatur
1446 3380 1601 3451 officium
1620 3419 1629 3438 ·

733 3599 932 3697 Responsio
949 3604 1113 3676 socienda
1132 3627 1197 3698 per
1213 3604 1364 3676 chorum
1385 3602 1431 3672 dc
1450 3595 1653 3673 vericulis·

517 3826 566 3898 Et
587 3821 640 3898 est
658 3828 859 3900 notandum
886 3827 973 3898 dum
1001 3849 1090 3920 puer
1115 3836 1241 3898 contat
1265 3847 1425 3896 nooman
1453 3820 1616 3896 vcrsrculi
1645 3827 1774 3900 clrorus
1800 3829 1871 3902 res-

515 3939 673 4033 pondeat
698 3939 869 4032 priuatim
888 3950 927 4010 ct
944 3938 1014 4010 hoo
1031 3938 1252 4032 generaliter
1277 3932 1492 4006 obseruetur
1508 3937 1552 4006 od
1571 3940 1768 4012 matutinos
1795 3941 1870 4013 vcs-

513 4071 618 4143 perns
647 4059 686 4120 et
720 4049 765 4122 od
797 4041 1076 4144 completorium
1103 4059 1142 4121 ct
1176 4051 1290 4121 ctiam
1326 4048 1372 4120 ml
1404 4048 1603 4120 matutinos
1636 4051 1680 4121 od
1712 4047 1869 4148 singulos

513 4163 708 4232 nouumos
733 4171 773 4234 ct
799 4158 878 4255 post
903 4183 1079 4255 ympnum
1097 4162 1135 4232 in
1154 4159 1325 4232 laudibus
1342 4181 1407 4252 per
1433 4169 1552 4230 totum
1578 4184 1713 4234 annum
1737 4161 1803 4235 nisr
1831 4167 1866 4236 in

514 4271 630 4344 tribue
646 4273 821 4366 proximis
847 4273 946 4344 seriis
972 4282 1058 4344 onte
1083 4270 1214 4366 pasche
1238 4283 1279 4344 ct
1306 4272 1344 4342 in
1368 4269 1519 4341 scruioio
1544 4284 1769 4345 mortuorum
1788 4319 1796 4336 ·
1816 4279 1867 4349 ite

512 4384 608 4477 quod
627 4385 664 4455 in
682 4393 849 4477 tempore
867 4381 1022 4478 posolroli
1048 4380 1263 4478 respondem
1280 4382 1413 4454 chorus
1430 4405 1514 4453 cum
1542 4403 1728 4456 nurerum
1746 4397 1782 4457 ct
1802 4386 1867 4458 sun

512 4492 656 4568 menno
681 4535 690 4554 ·
717 4493 896 4566 Sacerdos
926 4494 1174 4590 completurus
1199 4495 1360 4566 officium
1386 4495 1431 4565 od
1461 4494 1737 4588 completorium
1768 4499 1867 4572 dicut

512 4627 729 4682 conrrruon
746 4607 919 4703 priuatim
934 4618 975 4678 rt
990 4609 1050 4679 rix
1067 4631 1089 4681 o
1105 4607 1203 4680 clero
1216 4606 1389 4682 audietur
1406 4646 1415 4665 ·
1433 4606 1502 4678 lroc
1520 4605 1627 4678 modo
1645 4646 1654 4665 ·
1673 4606 1866 4705 respiciens

561 4739 644 4792 vor„
664 4740 706 4791 11.
1172 4739 1195 4792 1.
