<?xml version="1.0" encoding="UTF-8"?>
<!DOCTYPE html PUBLIC "-//W3C//DTD XHTML 1.0 Transitional//EN"
    "http://www.w3.org/TR/xhtml1/DTD/xhtml1-transitional.dtd">
<html xmlns="http://www.w3.org/1999/xhtml" xml:lang="en" lang="en">
 <head>
  <title>
</title>
<meta http-equiv="Content-Type" content="text/html;charset=utf-8" />
  <meta name='ocr-system' content='tesseract 3.04.00' />
  <meta name='ocr-capabilities' content='ocr_page ocr_carea ocr_par ocr_line ocrx_word'/>
</head>
<body>
  <div class='ocr_page' id='page_1' title='image "./registrumepisco00innegoog_0059.png"; bbox 0 0 4590 5954; ppageno 0'>
   <div class='ocr_carea' id='block_1_1' title="bbox 988 698 1814 804">
    <p class='ocr_par' dir='ltr' id='par_1_1' title="bbox 988 698 1814 804">
     <span class='ocr_line' id='line_1_1' title="bbox 988 698 1814 804; baseline -0.001 -32"><span class='ocrx_word' id='word_1_1' title='bbox 988 698 1296 773; x_wconf 84' lang='lat' dir='ltr'><strong>REGISTRUM</strong></span> <span class='ocrx_word' id='word_1_2' title='bbox 1661 709 1814 804; x_wconf 67' lang='lat' dir='ltr'><strong>[secum</strong></span> 
     </span>
    </p>
   </div>
   <div class='ocr_carea' id='block_1_2' title="bbox 907 1009 1376 1083">
    <p class='ocr_par' dir='ltr' id='par_1_2' title="bbox 907 1009 1376 1083">
     <span class='ocr_line' id='line_1_2' title="bbox 907 1009 1376 1083; baseline 0.004 -2"><span class='ocrx_word' id='word_1_3' title='bbox 907 1009 979 1083; x_wconf 94' lang='lat' dir='ltr'><strong>III.</strong></span> <span class='ocrx_word' id='word_1_4' title='bbox 1007 1010 1065 1082; x_wconf 91' lang='lat' dir='ltr'><strong>De</strong></span> <span class='ocrx_word' id='word_1_5' title='bbox 1084 1010 1155 1082; x_wconf 87' lang='lat' dir='ltr'><strong>lide</strong></span> <span class='ocrx_word' id='word_1_6' title='bbox 1174 1010 1376 1083; x_wconf 87' lang='lat' dir='ltr'><strong>catholiea·</strong></span> 
     </span>
    </p>
   </div>
   <div class='ocr_carea' id='block_1_3' title="bbox 470 1231 1812 1778">
    <p class='ocr_par' dir='ltr' id='par_1_3' title="bbox 470 1231 1812 1778">
     <span class='ocr_line' id='line_1_3' title="bbox 470 1231 1812 1329; baseline -0.001 -19"><span class='ocrx_word' id='word_1_7' title='bbox 470 1241 673 1312; x_wconf 81' lang='lat' dir='ltr'><strong>statuimus</strong></span> <span class='ocrx_word' id='word_1_8' title='bbox 691 1233 778 1308; x_wconf 87' lang='lat' dir='ltr'><strong>sacri</strong></span> <span class='ocrx_word' id='word_1_9' title='bbox 795 1233 1054 1329; x_wconf 78' lang='lat' dir='ltr'><strong>approbatione</strong></span> <span class='ocrx_word' id='word_1_10' title='bbox 1071 1233 1214 1328; x_wconf 90' lang='lat' dir='ltr'><strong>concilij</strong></span> <span class='ocrx_word' id='word_1_11' title='bbox 1230 1245 1270 1306; x_wconf 84' lang='lat' dir='ltr'><strong>vt</strong></span> <span class='ocrx_word' id='word_1_12' title='bbox 1288 1231 1414 1328; x_wconf 87' lang='lat' dir='ltr'><strong>prelati</strong></span> <span class='ocrx_word' id='word_1_13' title='bbox 1431 1235 1583 1304; x_wconf 86' lang='lat' dir='ltr'><strong>maiores</strong></span> <span class='ocrx_word' id='word_1_14' title='bbox 1600 1245 1639 1306; x_wconf 89' lang='lat' dir='ltr'><strong>ct</strong></span> <span class='ocrx_word' id='word_1_15' title='bbox 1657 1239 1812 1309; x_wconf 85' lang='lat' dir='ltr'><strong>minores</strong></span> 
     </span>
     <span class='ocr_line' id='line_1_4' title="bbox 470 1342 1811 1439; baseline -0.003 -17"><span class='ocrx_word' id='word_1_16' title='bbox 470 1351 577 1422; x_wconf 88' lang='lat' dir='ltr'><strong>tidem</strong></span> <span class='ocrx_word' id='word_1_17' title='bbox 603 1346 817 1420; x_wconf 78' lang='lat' dir='ltr'><strong>catholicam</strong></span> <span class='ocrx_word' id='word_1_18' title='bbox 834 1356 874 1415; x_wconf 88' lang='lat' dir='ltr'><strong>et</strong></span> <span class='ocrx_word' id='word_1_19' title='bbox 891 1342 1122 1439; x_wconf 86' lang='lat' dir='ltr'><strong>apostolicam</strong></span> <span class='ocrx_word' id='word_1_20' title='bbox 1149 1345 1398 1418; x_wconf 79' lang='lat' dir='ltr'><strong>indubitanter</strong></span> <span class='ocrx_word' id='word_1_21' title='bbox 1423 1355 1573 1416; x_wconf 86' lang='lat' dir='ltr'><strong>teneant</strong></span> <span class='ocrx_word' id='word_1_22' title='bbox 1594 1359 1632 1416; x_wconf 92' lang='lat' dir='ltr'><strong>et</strong></span> <span class='ocrx_word' id='word_1_23' title='bbox 1652 1343 1811 1420; x_wconf 80' lang='lat' dir='ltr'><strong>subditos</strong></span> 
     </span>
     <span class='ocr_line' id='line_1_5' title="bbox 470 1453 1811 1554; baseline -0.002 -22"><span class='ocrx_word' id='word_1_24' title='bbox 470 1462 550 1534; x_wconf 82' lang='lat' dir='ltr'><strong>suos</strong></span> <span class='ocrx_word' id='word_1_25' title='bbox 564 1457 745 1550; x_wconf 74' lang='lat' dir='ltr'><strong>utriusque</strong></span> <span class='ocrx_word' id='word_1_26' title='bbox 762 1453 867 1528; x_wconf 83' lang='lat' dir='ltr'><strong>sexus</strong></span> <span class='ocrx_word' id='word_1_27' title='bbox 885 1457 922 1528; x_wconf 92' lang='lat' dir='ltr'><strong>in</strong></span> <span class='ocrx_word' id='word_1_28' title='bbox 940 1458 1102 1530; x_wconf 84' lang='lat' dir='ltr'><strong>articulis</strong></span> <span class='ocrx_word' id='word_1_29' title='bbox 1115 1457 1198 1529; x_wconf 83' lang='lat' dir='ltr'><strong>fidei</strong></span> <span class='ocrx_word' id='word_1_30' title='bbox 1217 1458 1409 1554; x_wconf 83' lang='lat' dir='ltr'><strong>diligenter</strong></span> <span class='ocrx_word' id='word_1_31' title='bbox 1426 1453 1602 1528; x_wconf 87' lang='lat' dir='ltr'><strong>instruant</strong></span> <span class='ocrx_word' id='word_1_32' title='bbox 1621 1469 1811 1530; x_wconf 82' lang='lat' dir='ltr'><strong>monentes</strong></span> 
     </span>
     <span class='ocr_line' id='line_1_6' title="bbox 471 1566 1811 1663; baseline -0.004 -18"><span class='ocrx_word' id='word_1_33' title='bbox 471 1583 509 1644; x_wconf 91' lang='lat' dir='ltr'><strong>et</strong></span> <span class='ocrx_word' id='word_1_34' title='bbox 526 1572 738 1644; x_wconf 82' lang='lat' dir='ltr'><strong>inducentes</strong></span> <span class='ocrx_word' id='word_1_35' title='bbox 755 1568 990 1662; x_wconf 85' lang='lat' dir='ltr'><strong>parochianos</strong></span> <span class='ocrx_word' id='word_1_36' title='bbox 1006 1566 1086 1642; x_wconf 83' lang='lat' dir='ltr'><strong>suos</strong></span> <span class='ocrx_word' id='word_1_37' title='bbox 1103 1570 1201 1662; x_wconf 92' lang='lat' dir='ltr'><strong>quod</strong></span> <span class='ocrx_word' id='word_1_38' title='bbox 1222 1566 1287 1663; x_wconf 75' lang='lat' dir='ltr'><strong>ipsu</strong></span> <span class='ocrx_word' id='word_1_39' title='bbox 1304 1567 1376 1642; x_wconf 83' lang='lat' dir='ltr'><strong>suia</strong></span> <span class='ocrx_word' id='word_1_40' title='bbox 1393 1569 1513 1641; x_wconf 81' lang='lat' dir='ltr'><strong>liberis</strong></span> <span class='ocrx_word' id='word_1_41' title='bbox 1532 1569 1685 1639; x_wconf 87' lang='lat' dir='ltr'><strong>eandem</strong></span> <span class='ocrx_word' id='word_1_42' title='bbox 1704 1569 1811 1642; x_wconf 88' lang='lat' dir='ltr'><strong>tidem</strong></span> 
     </span>
     <span class='ocr_line' id='line_1_7' title="bbox 470 1677 1565 1778; baseline -0.005 -22"><span class='ocrx_word' id='word_1_43' title='bbox 470 1693 651 1778; x_wconf 86' lang='lat' dir='ltr'><strong>exponant</strong></span> <span class='ocrx_word' id='word_1_44' title='bbox 672 1691 710 1752; x_wconf 92' lang='lat' dir='ltr'><strong>et</strong></span> <span class='ocrx_word' id='word_1_45' title='bbox 727 1703 788 1753; x_wconf 85' lang='lat' dir='ltr'><strong>eon</strong></span> <span class='ocrx_word' id='word_1_46' title='bbox 805 1681 962 1752; x_wconf 87' lang='lat' dir='ltr'><strong>doceant</strong></span> <span class='ocrx_word' id='word_1_47' title='bbox 980 1679 1087 1752; x_wconf 91' lang='lat' dir='ltr'><strong>iidem</strong></span> <span class='ocrx_word' id='word_1_48' title='bbox 1105 1677 1336 1754; x_wconf 86' lang='lat' dir='ltr'><strong>christianam</strong></span> <span class='ocrx_word' id='word_1_49' title='bbox 1353 1679 1538 1754; x_wconf 89' lang='lat' dir='ltr'><strong>obseruare</strong></span> <span class='ocrx_word' id='word_1_50' title='bbox 1557 1721 1565 1735; x_wconf 91' lang='lat'><strong>·</strong></span> 
     </span>
    </p>
   </div>
   <div class='ocr_carea' id='block_1_4' title="bbox 569 1897 1716 2001">
    <p class='ocr_par' dir='ltr' id='par_1_4' title="bbox 569 1897 1716 2001">
     <span class='ocr_line' id='line_1_8' title="bbox 569 1897 1716 2001; baseline -0.002 -25"><span class='ocrx_word' id='word_1_51' title='bbox 569 1903 662 1977; x_wconf 91' lang='lat'><em>1111.</em></span> <span class='ocrx_word' id='word_1_52' title='bbox 690 1905 795 1988; x_wconf 88' lang='lat' dir='ltr'><strong>Quod</strong></span> <span class='ocrx_word' id='word_1_53' title='bbox 814 1903 1050 1978; x_wconf 88' lang='lat' dir='ltr'><strong>Sacramenta</strong></span> <span class='ocrx_word' id='word_1_54' title='bbox 1067 1897 1217 1976; x_wconf 84' lang='lat' dir='ltr'><strong>ecclelie</strong></span> <span class='ocrx_word' id='word_1_55' title='bbox 1235 1904 1428 2001; x_wconf 84' lang='lat' dir='ltr'><strong>diligenter</strong></span> <span class='ocrx_word' id='word_1_56' title='bbox 1443 1901 1692 1976; x_wconf 88' lang='lat' dir='ltr'><strong>ministrentur</strong></span> <span class='ocrx_word' id='word_1_57' title='bbox 1708 1942 1716 1958; x_wconf 94' lang='lat'><strong>·</strong></span> 
     </span>
    </p>
   </div>
   <div class='ocr_carea' id='block_1_5' title="bbox 469 2121 1813 2556">
    <p class='ocr_par' dir='ltr' id='par_1_5' title="bbox 469 2121 1813 2556">
     <span class='ocr_line' id='line_1_9' title="bbox 469 2121 1813 2220; baseline -0.001 -20"><span class='ocrx_word' id='word_1_58' title='bbox 469 2130 672 2202; x_wconf 83' lang='lat' dir='ltr'><strong>Statuimus</strong></span> <span class='ocrx_word' id='word_1_59' title='bbox 698 2129 792 2220; x_wconf 89' lang='lat' dir='ltr'><strong>quod</strong></span> <span class='ocrx_word' id='word_1_60' title='bbox 819 2127 1042 2200; x_wconf 74' lang='lat' dir='ltr'><strong>incramenta</strong></span> <span class='ocrx_word' id='word_1_61' title='bbox 1067 2121 1307 2198; x_wconf 84' lang='lat' dir='ltr'><strong>ecclcfiastiea</strong></span> <span class='ocrx_word' id='word_1_62' title='bbox 1331 2147 1412 2196; x_wconf 90' lang='lat' dir='ltr'><strong>oum</strong></span> <span class='ocrx_word' id='word_1_63' title='bbox 1435 2127 1570 2198; x_wconf 90' lang='lat' dir='ltr'><strong>deuota</strong></span> <span class='ocrx_word' id='word_1_64' title='bbox 1596 2129 1813 2199; x_wconf 82' lang='lat' dir='ltr'><strong>neuerenoia</strong></span> 
     </span>
     <span class='ocr_line' id='line_1_10' title="bbox 470 2234 1811 2330; baseline 0 -19"><span class='ocrx_word' id='word_1_65' title='bbox 470 2244 505 2311; x_wconf 94' lang='lat' dir='ltr'><strong>in</strong></span> <span class='ocrx_word' id='word_1_66' title='bbox 525 2240 595 2310; x_wconf 85' lang='lat' dir='ltr'><strong>lide</strong></span> <span class='ocrx_word' id='word_1_67' title='bbox 612 2239 790 2311; x_wconf 86' lang='lat' dir='ltr'><strong>catholica</strong></span> <span class='ocrx_word' id='word_1_68' title='bbox 806 2237 1038 2310; x_wconf 85' lang='lat' dir='ltr'><strong>celebrentur</strong></span> <span class='ocrx_word' id='word_1_69' title='bbox 1063 2235 1128 2308; x_wconf 89' lang='lat' dir='ltr'><strong>sub</strong></span> <span class='ocrx_word' id='word_1_70' title='bbox 1151 2248 1251 2308; x_wconf 85' lang='lat' dir='ltr'><strong>certa</strong></span> <span class='ocrx_word' id='word_1_71' title='bbox 1273 2237 1423 2308; x_wconf 83' lang='lat' dir='ltr'><strong>forman</strong></span> <span class='ocrx_word' id='word_1_72' title='bbox 1441 2234 1567 2309; x_wconf 73' lang='lat' dir='ltr'><strong>sanetis</strong></span> <span class='ocrx_word' id='word_1_73' title='bbox 1593 2240 1755 2330; x_wconf 80' lang='lat' dir='ltr'><strong>patribus</strong></span> <span class='ocrx_word' id='word_1_74' title='bbox 1771 2253 1811 2310; x_wconf 87' lang='lat' dir='ltr'><strong>et</strong></span> 
     </span>
     <span class='ocr_line' id='line_1_11' title="bbox 470 2345 1811 2446; baseline -0.001 -24"><span class='ocrx_word' id='word_1_75' title='bbox 470 2352 574 2424; x_wconf 76' lang='lat' dir='ltr'><strong>literis</strong></span> <span class='ocrx_word' id='word_1_76' title='bbox 598 2351 780 2446; x_wconf 78' lang='lat' dir='ltr'><strong>scripturis</strong></span> <span class='ocrx_word' id='word_1_77' title='bbox 805 2350 966 2422; x_wconf 89' lang='lat' dir='ltr'><strong>tradita·</strong></span> <span class='ocrx_word' id='word_1_78' title='bbox 985 2348 1062 2420; x_wconf 86' lang='lat' dir='ltr'><strong>Sub</strong></span> <span class='ocrx_word' id='word_1_79' title='bbox 1080 2350 1189 2420; x_wconf 82' lang='lat' dir='ltr'><strong>certis</strong></span> <span class='ocrx_word' id='word_1_80' title='bbox 1209 2349 1327 2420; x_wconf 71' lang='lat' dir='ltr'><strong>verbis</strong></span> <span class='ocrx_word' id='word_1_81' title='bbox 1344 2345 1519 2419; x_wconf 88' lang='lat' dir='ltr'><strong>catholice</strong></span> <span class='ocrx_word' id='word_1_82' title='bbox 1545 2350 1677 2420; x_wconf 81' lang='lat' dir='ltr'><strong>trudito</strong></span> <span class='ocrx_word' id='word_1_83' title='bbox 1695 2352 1811 2422; x_wconf 82' lang='lat' dir='ltr'><strong>modia</strong></span> 
     </span>
     <span class='ocr_line' id='line_1_12' title="bbox 469 2459 1099 2556; baseline -0.006 -21"><span class='ocrx_word' id='word_1_84' title='bbox 469 2465 647 2556; x_wconf 85' lang='lat' dir='ltr'><strong>aliquibus</strong></span> <span class='ocrx_word' id='word_1_85' title='bbox 665 2465 857 2534; x_wconf 90' lang='lat' dir='ltr'><strong>immutare</strong></span> <span class='ocrx_word' id='word_1_86' title='bbox 874 2483 947 2533; x_wconf 91' lang='lat' dir='ltr'><strong>non</strong></span> <span class='ocrx_word' id='word_1_87' title='bbox 966 2459 1073 2533; x_wconf 91' lang='lat' dir='ltr'><strong>liceat</strong></span> <span class='ocrx_word' id='word_1_88' title='bbox 1091 2501 1099 2518; x_wconf 92' lang='lat'><strong>·</strong></span> 
     </span>
    </p>
   </div>
   <div class='ocr_carea' id='block_1_6' title="bbox 742 2679 1538 2770">
    <p class='ocr_par' dir='ltr' id='par_1_6' title="bbox 742 2679 1538 2770">
     <span class='ocr_line' id='line_1_13' title="bbox 742 2679 1538 2770; baseline -0.005 -14"><span class='ocrx_word' id='word_1_89' title='bbox 742 2685 788 2756; x_wconf 68' lang='grc' dir='ltr'><strong>Υ.</strong></span> <span class='ocrx_word' id='word_1_90' title='bbox 815 2685 922 2770; x_wconf 89' lang='lat' dir='ltr'><strong>Quod</strong></span> <span class='ocrx_word' id='word_1_91' title='bbox 941 2679 1090 2757; x_wconf 83' lang='lat' dir='ltr'><strong>eeclelie</strong></span> <span class='ocrx_word' id='word_1_92' title='bbox 1109 2681 1328 2755; x_wconf 86' lang='lat' dir='ltr'><strong>sufficienter</strong></span> <span class='ocrx_word' id='word_1_93' title='bbox 1343 2695 1538 2754; x_wconf 87' lang='lat' dir='ltr'><strong>ornentur·</strong></span> 
     </span>
    </p>
   </div>
   <div class='ocr_carea' id='block_1_7' title="bbox 467 2901 1811 3426">
    <p class='ocr_par' dir='ltr' id='par_1_7' title="bbox 467 2901 1811 3426">
     <span class='ocr_line' id='line_1_14' title="bbox 468 2901 1808 3002; baseline 0.001 -21"><span class='ocrx_word' id='word_1_94' title='bbox 468 2911 528 2981; x_wconf 81' lang='lat' dir='ltr'><strong>Ad</strong></span> <span class='ocrx_word' id='word_1_95' title='bbox 555 2911 620 2982; x_wconf 87' lang='lat' dir='ltr'><strong>bec</strong></span> <span class='ocrx_word' id='word_1_96' title='bbox 647 2905 837 2980; x_wconf 86' lang='lat' dir='ltr'><strong>statuimus</strong></span> <span class='ocrx_word' id='word_1_97' title='bbox 863 2907 960 2999; x_wconf 91' lang='lat' dir='ltr'><strong>qnod</strong></span> <span class='ocrx_word' id='word_1_98' title='bbox 985 2901 1134 2978; x_wconf 86' lang='lat' dir='ltr'><strong>ecclelic</strong></span> <span class='ocrx_word' id='word_1_99' title='bbox 1161 2908 1205 2978; x_wconf 87' lang='lat' dir='ltr'><strong>ad</strong></span> <span class='ocrx_word' id='word_1_100' title='bbox 1232 2907 1380 2978; x_wconf 90' lang='lat' dir='ltr'><strong>modurn</strong></span> <span class='ocrx_word' id='word_1_101' title='bbox 1404 2906 1618 2978; x_wconf 78' lang='lat' dir='ltr'><strong>facultatum</strong></span> <span class='ocrx_word' id='word_1_102' title='bbox 1653 2906 1808 3002; x_wconf 87' lang='lat' dir='ltr'><strong>ipsorum</strong></span> 
     </span>
     <span class='ocr_line' id='line_1_15' title="bbox 468 3015 1810 3117; baseline 0.003 -27"><span class='ocrx_word' id='word_1_103' title='bbox 468 3022 760 3117; x_wconf 88' lang='lat' dir='ltr'><strong>parochianorum</strong></span> <span class='ocrx_word' id='word_1_104' title='bbox 791 3030 830 3090; x_wconf 90' lang='lat' dir='ltr'><strong>ct</strong></span> <span class='ocrx_word' id='word_1_105' title='bbox 860 3041 925 3112; x_wconf 92' lang='lat' dir='ltr'><strong>pcr</strong></span> <span class='ocrx_word' id='word_1_106' title='bbox 954 3015 1047 3111; x_wconf 82' lang='lat' dir='ltr'><strong>ipsos</strong></span> <span class='ocrx_word' id='word_1_107' title='bbox 1078 3019 1313 3112; x_wconf 77' lang='lat' dir='ltr'><strong>parochianos</strong></span> <span class='ocrx_word' id='word_1_108' title='bbox 1342 3029 1380 3090; x_wconf 90' lang='lat' dir='ltr'><strong>et</strong></span> <span class='ocrx_word' id='word_1_109' title='bbox 1407 3018 1569 3092; x_wconf 89' lang='lat' dir='ltr'><strong>cancella</strong></span> <span class='ocrx_word' id='word_1_110' title='bbox 1594 3043 1716 3092; x_wconf 88' lang='lat' dir='ltr'><strong>curum</strong></span> <span class='ocrx_word' id='word_1_111' title='bbox 1746 3046 1810 3116; x_wconf 90' lang='lat' dir='ltr'><strong>per</strong></span> 
     </span>
     <span class='ocr_line' id='line_1_16' title="bbox 467 3125 1811 3222; baseline 0.001 -18"><span class='ocrx_word' id='word_1_112' title='bbox 467 3135 620 3206; x_wconf 70' lang='lat' dir='ltr'><strong>restores</strong></span> <span class='ocrx_word' id='word_1_113' title='bbox 646 3131 691 3201; x_wconf 91' lang='lat' dir='ltr'><strong>dc</strong></span> <span class='ocrx_word' id='word_1_114' title='bbox 717 3128 896 3222; x_wconf 86' lang='lat' dir='ltr'><strong>lapidibus</strong></span> <span class='ocrx_word' id='word_1_115' title='bbox 922 3125 1176 3200; x_wconf 87' lang='lat' dir='ltr'><strong>construantur</strong></span> <span class='ocrx_word' id='word_1_116' title='bbox 1199 3139 1237 3200; x_wconf 91' lang='lat' dir='ltr'><strong>ct</strong></span> <span class='ocrx_word' id='word_1_117' title='bbox 1264 3125 1385 3222; x_wconf 88' lang='lat' dir='ltr'><strong>postea</strong></span> <span class='ocrx_word' id='word_1_118' title='bbox 1409 3129 1663 3203; x_wconf 89' lang='lat' dir='ltr'><strong>consecrentur</strong></span> <span class='ocrx_word' id='word_1_119' title='bbox 1686 3144 1724 3205; x_wconf 92' lang='lat' dir='ltr'><strong>ct</strong></span> <span class='ocrx_word' id='word_1_120' title='bbox 1747 3135 1811 3206; x_wconf 90' lang='lat' dir='ltr'><strong>de·</strong></span> 
     </span>
     <span class='ocr_line' id='line_1_17' title="bbox 468 3237 1807 3317; baseline 0.005 -7"><span class='ocrx_word' id='word_1_121' title='bbox 468 3246 552 3315; x_wconf 85' lang='lat' dir='ltr'><strong>bitis</strong></span> <span class='ocrx_word' id='word_1_122' title='bbox 581 3241 803 3314; x_wconf 88' lang='lat' dir='ltr'><strong>ornamentis</strong></span> <span class='ocrx_word' id='word_1_123' title='bbox 833 3239 933 3311; x_wconf 83' lang='lat' dir='ltr'><strong>libris</strong></span> <span class='ocrx_word' id='word_1_124' title='bbox 959 3252 997 3311; x_wconf 94' lang='lat' dir='ltr'><strong>ct</strong></span> <span class='ocrx_word' id='word_1_125' title='bbox 1025 3237 1114 3312; x_wconf 78' lang='lat' dir='ltr'><strong>vasis</strong></span> <span class='ocrx_word' id='word_1_126' title='bbox 1144 3250 1321 3311; x_wconf 88' lang='lat' dir='ltr'><strong>ornentur</strong></span> <span class='ocrx_word' id='word_1_127' title='bbox 1345 3252 1382 3311; x_wconf 91' lang='lat' dir='ltr'><strong>et</strong></span> <span class='ocrx_word' id='word_1_128' title='bbox 1407 3241 1451 3312; x_wconf 86' lang='lat' dir='ltr'><strong>od</strong></span> <span class='ocrx_word' id='word_1_129' title='bbox 1481 3237 1615 3313; x_wconf 86' lang='lat' dir='ltr'><strong>statum</strong></span> <span class='ocrx_word' id='word_1_130' title='bbox 1645 3245 1807 3317; x_wconf 89' lang='lat' dir='ltr'><strong>debitum</strong></span> 
     </span>
     <span class='ocr_line' id='line_1_18' title="bbox 468 3357 732 3426; baseline -0.011 -1"><span class='ocrx_word' id='word_1_131' title='bbox 468 3357 707 3426; x_wconf 83' lang='lat' dir='ltr'><strong>rclurmeutur</strong></span> <span class='ocrx_word' id='word_1_132' title='bbox 725 3397 732 3410; x_wconf 92' lang='lat'>·</span> 
     </span>
    </p>
   </div>
   <div class='ocr_carea' id='block_1_8' title="bbox 840 3569 1430 3666">
    <p class='ocr_par' dir='ltr' id='par_1_8' title="bbox 840 3569 1430 3666">
     <span class='ocr_line' id='line_1_19' title="bbox 840 3569 1430 3666; baseline 0 -22"><span class='ocrx_word' id='word_1_133' title='bbox 840 3573 906 3644; x_wconf 67' lang='lat' dir='ltr'><strong>VI.</strong></span> <span class='ocrx_word' id='word_1_134' title='bbox 936 3572 993 3644; x_wconf 85' lang='lat' dir='ltr'><strong>Dc</strong></span> <span class='ocrx_word' id='word_1_135' title='bbox 1014 3569 1180 3666; x_wconf 74' lang='lat' dir='ltr'><strong>Ecclcstje</strong></span> <span class='ocrx_word' id='word_1_136' title='bbox 1198 3575 1430 3646; x_wconf 70' lang='lat' dir='ltr'><strong>erlittcandis·</strong></span> 
     </span>
    </p>
   </div>
   <div class='ocr_carea' id='block_1_9' title="bbox 465 3795 1804 4227">
    <p class='ocr_par' dir='ltr' id='par_1_9' title="bbox 465 3795 1804 4227">
     <span class='ocr_line' id='line_1_20' title="bbox 468 3795 1803 3890; baseline 0.002 -18"><span class='ocrx_word' id='word_1_137' title='bbox 468 3801 560 3872; x_wconf 88' lang='lat' dir='ltr'><strong>ltcru</strong></span> <span class='ocrx_word' id='word_1_138' title='bbox 589 3799 778 3870; x_wconf 85' lang='lat' dir='ltr'><strong>tintuiurus</strong></span> <span class='ocrx_word' id='word_1_139' title='bbox 803 3798 899 3890; x_wconf 87' lang='lat' dir='ltr'><strong>qnod</strong></span> <span class='ocrx_word' id='word_1_140' title='bbox 926 3797 1027 3870; x_wconf 88' lang='lat' dir='ltr'><strong>nulla</strong></span> <span class='ocrx_word' id='word_1_141' title='bbox 1052 3795 1202 3871; x_wconf 82' lang='lat' dir='ltr'><strong>ecclelia</strong></span> <span class='ocrx_word' id='word_1_142' title='bbox 1225 3797 1281 3870; x_wconf 81' lang='lat' dir='ltr'><strong>rel</strong></span> <span class='ocrx_word' id='word_1_143' title='bbox 1308 3799 1499 3870; x_wconf 87' lang='lat' dir='ltr'><strong>oratorium</strong></span> <span class='ocrx_word' id='word_1_144' title='bbox 1528 3798 1601 3871; x_wconf 88' lang='lat' dir='ltr'><strong>tine</strong></span> <span class='ocrx_word' id='word_1_145' title='bbox 1626 3802 1803 3876; x_wconf 87' lang='lat' dir='ltr'><strong>diocesani</strong></span> 
     </span>
     <span class='ocr_line' id='line_1_21' title="bbox 465 3906 1803 3987; baseline 0.002 -3"><span class='ocrx_word' id='word_1_146' title='bbox 465 3911 641 3984; x_wconf 84' lang='lat' dir='ltr'><strong>concensu</strong></span> <span class='ocrx_word' id='word_1_147' title='bbox 669 3907 896 3982; x_wconf 84' lang='lat' dir='ltr'><strong>construatur</strong></span> <span class='ocrx_word' id='word_1_148' title='bbox 913 3909 969 3980; x_wconf 80' lang='lat' dir='ltr'><strong>rel</strong></span> <span class='ocrx_word' id='word_1_149' title='bbox 993 3911 1028 3980; x_wconf 91' lang='lat' dir='ltr'><strong>iu</strong></span> <span class='ocrx_word' id='word_1_150' title='bbox 1051 3907 1262 3981; x_wconf 69' lang='lat' dir='ltr'><strong>constructis</strong></span> <span class='ocrx_word' id='word_1_151' title='bbox 1282 3906 1355 3980; x_wconf 83' lang='lat' dir='ltr'><strong>stne</strong></span> <span class='ocrx_word' id='word_1_152' title='bbox 1370 3909 1526 3982; x_wconf 85' lang='lat' dir='ltr'><strong>eiusdem</strong></span> <span class='ocrx_word' id='word_1_153' title='bbox 1552 3911 1727 3986; x_wconf 84' lang='lat' dir='ltr'><strong>concensu</strong></span> <span class='ocrx_word' id='word_1_154' title='bbox 1747 3917 1803 3987; x_wconf 76' lang='lat' dir='ltr'><strong>rel</strong></span> 
     </span>
     <span class='ocr_line' id='line_1_22' title="bbox 465 4020 1804 4119; baseline -0.003 -21"><span class='ocrx_word' id='word_1_155' title='bbox 465 4025 677 4098; x_wconf 78' lang='lat' dir='ltr'><strong>uuttoritate</strong></span> <span class='ocrx_word' id='word_1_156' title='bbox 694 4023 817 4094; x_wconf 90' lang='lat' dir='ltr'><strong>diuina</strong></span> <span class='ocrx_word' id='word_1_157' title='bbox 833 4021 952 4094; x_wconf 90' lang='lat' dir='ltr'><strong>otiicia</strong></span> <span class='ocrx_word' id='word_1_158' title='bbox 968 4021 1088 4114; x_wconf 87' lang='lat' dir='ltr'><strong>aliqua</strong></span> <span class='ocrx_word' id='word_1_159' title='bbox 1106 4023 1316 4092; x_wconf 73' lang='lat' dir='ltr'><strong>minoritate</strong></span> <span class='ocrx_word' id='word_1_160' title='bbox 1333 4020 1559 4093; x_wconf 77' lang='lat' dir='ltr'><strong>celebrentur</strong></span> <span class='ocrx_word' id='word_1_161' title='bbox 1575 4025 1661 4116; x_wconf 81' lang='lat' dir='ltr'><strong>quin</strong></span> <span class='ocrx_word' id='word_1_162' title='bbox 1680 4030 1804 4119; x_wconf 72' lang='lat' dir='ltr'><strong>pocius</strong></span> 
     </span>
     <span class='ocr_line' id='line_1_23' title="bbox 466 4129 1279 4227; baseline -0.006 -21"><span class='ocrx_word' id='word_1_163' title='bbox 466 4134 659 4208; x_wconf 67' lang='lat' dir='ltr'><strong>iucundum</strong></span> <span class='ocrx_word' id='word_1_164' title='bbox 678 4155 833 4205; x_wconf 73' lang='lat' dir='ltr'><strong>canones</strong></span> <span class='ocrx_word' id='word_1_165' title='bbox 849 4129 966 4204; x_wconf 81' lang='lat' dir='ltr'><strong>sacros</strong></span> <span class='ocrx_word' id='word_1_166' title='bbox 984 4135 1253 4227; x_wconf 83' lang='lat' dir='ltr'><strong>prophancutnr</strong></span> <span class='ocrx_word' id='word_1_167' title='bbox 1271 4175 1279 4192; x_wconf 88' lang='lat'><strong>·</strong></span> 
     </span>
    </p>
   </div>
   <div class='ocr_carea' id='block_1_10' title="bbox 964 4355 1311 4429">
    <p class='ocr_par' dir='ltr' id='par_1_10' title="bbox 964 4355 1311 4429">
     <span class='ocr_line' id='line_1_24' title="bbox 964 4355 1311 4429; baseline -0.003 -2"><span class='ocrx_word' id='word_1_168' title='bbox 964 4355 1053 4428; x_wconf 76' lang='grc' dir='ltr'><strong>ΠΙ.</strong></span> <span class='ocrx_word' id='word_1_169' title='bbox 1082 4355 1139 4427; x_wconf 85' lang='lat' dir='ltr'><strong>De</strong></span> <span class='ocrx_word' id='word_1_170' title='bbox 1157 4356 1285 4429; x_wconf 82' lang='lat' dir='ltr'><strong>eodem</strong></span> <span class='ocrx_word' id='word_1_171' title='bbox 1303 4393 1311 4408; x_wconf 95' lang='lat'><strong>·</strong></span> 
     </span>
    </p>
   </div>
   <div class='ocr_carea' id='block_1_11' title="bbox 467 4575 1799 4676">
    <p class='ocr_par' dir='ltr' id='par_1_11' title="bbox 467 4575 1799 4676">
     <span class='ocr_line' id='line_1_25' title="bbox 467 4575 1799 4676; baseline 0 -20"><span class='ocrx_word' id='word_1_172' title='bbox 467 4585 512 4656; x_wconf 73' lang='lat' dir='ltr'><strong>lit</strong></span> <span class='ocrx_word' id='word_1_173' title='bbox 530 4587 614 4676; x_wconf 78' lang='lat' dir='ltr'><strong>qnia</strong></span> <span class='ocrx_word' id='word_1_174' title='bbox 641 4581 784 4676; x_wconf 83' lang='lat' dir='ltr'><strong>pret&#39;ena</strong></span> <span class='ocrx_word' id='word_1_175' title='bbox 807 4575 984 4652; x_wconf 84' lang='lat' dir='ltr'><strong>statutum</strong></span> <span class='ocrx_word' id='word_1_176' title='bbox 1011 4581 1130 4654; x_wconf 78' lang='lat' dir='ltr'><strong>miuus</strong></span> <span class='ocrx_word' id='word_1_177' title='bbox 1155 4580 1263 4675; x_wconf 88' lang='lat' dir='ltr'><strong>pleno</strong></span> <span class='ocrx_word' id='word_1_178' title='bbox 1281 4583 1317 4652; x_wconf 90' lang='lat' dir='ltr'><strong>in</strong></span> <span class='ocrx_word' id='word_1_179' title='bbox 1336 4580 1457 4652; x_wconf 84' lang='lat' dir='ltr'><strong>multis</strong></span> <span class='ocrx_word' id='word_1_180' title='bbox 1485 4581 1571 4654; x_wconf 68' lang='lat' dir='ltr'><strong>locis</strong></span> <span class='ocrx_word' id='word_1_181' title='bbox 1594 4585 1799 4658; x_wconf 76' lang='lat' dir='ltr'><strong>inuenimus</strong></span> 
     </span>
    </p>
   </div>
   <div class='ocr_carea' id='block_1_12' title="bbox 0 0 2300 5954">
    <p class='ocr_par' dir='ltr' id='par_1_12' title="bbox 0 0 2300 5954">
     <span class='ocr_line' id='line_1_26' title="bbox 0 0 2300 5954; baseline 0 1"><span class='ocrx_word' id='word_1_182' title='bbox 0 0 2300 5954; x_wconf 95' lang='lat' dir='ltr'><strong> </strong></span> 
     </span>
    </p>
   </div>
  </div>
 </body>
</html>
