4546 5922
898 1835 1295 1938 APPENDIX.

425 2395 541 2488 Copia
555 2392 739 2464 notarialia
756 2393 945 2468 evidenoie
962 2396 1137 2488 antique·

428 2596 482 2694 [n
494 2617 563 2689 Dei
575 2617 721 2689 nourinc
733 2639 841 2690 amen
856 2615 1064 2692 ·Vniuersrs
1077 2629 1116 2692 et
1129 2615 1276 2715 lingulis
1287 2616 1469 2714 presentes
1478 2619 1619 2694 litteras
1630 2622 1764 2717 iuspec-

424 2732 514 2804 turis
530 2730 655 2803 balliui
679 2741 716 2802 ct
741 2728 906 2804 consules
922 2733 1026 2828 burgn'
1050 2733 1097 2805 de
1122 2731 1342 2824 Linlithqwo
1360 2728 1506 2804 filutem
1526 2735 1562 2805 in
1583 2733 1762 2806 Domino·

286 2927 290 2934 ,
425 2841 718 2935 Noueritisquod
732 2844 1048 2940 coramnobispro
1062 2842 1233 2917 tribunali
1260 2841 1464 2917 sedentibus
1474 2847 1511 2916 in
1521 2846 1654 2918 iudicio
1667 2869 1763 2917 corn-

422 2955 542 3051 paruit
571 2953 785 3027 venerabilis
813 2968 853 3028 et
887 2955 1073 3052 religiosus
1099 2959 1153 3028 vir
1178 2955 1301 3028 ll'rater
1326 2954 1501 3029 Patricius
1531 2957 1576 3031 de
1607 2957 1763 3054 Sougalc

424 3069 526 3140 miles
542 3068 676 3140 ordinis
701 3065 816 3141 fausti
840 3066 1021 3141 Jobannis
1045 3065 1247 3141 Jerusalem
1274 3067 1320 3140 de
1350 3066 1554 3165 Torfiching
1582 3073 1759 3163 quandam

422 3183 607 3273 antiquam
621 3180 848 3253 euidenciam
866 3182 905 3252 in
918 3203 1138 3277 pergameno
1150 3178 1318 3276 scriptam
1332 3182 1433 3253 cuius
1445 3191 1550 3253 tenor
1562 3193 1601 3254 et
1613 3183 1762 3256 effebus

421 3294 568 3366 inferius
601 3288 780 3364 inseritur
813 3290 963 3365 realiter
1000 3288 1172 3388 produxit
1206 3305 1244 3366 et
1285 3290 1508 3388 judicialiter
1537 3291 1761 3389 presentaoit

421 3406 523 3478 nobis
540 3403 772 3498 supplicando
797 3413 980 3497 quatenus
1004 3406 1217 3478 audtoritatc
1241 3401 1361 3477 nostra
1384 3402 1535 3477 velimus
1559 3405 1759 3480 huiusmodi

422 3519 561 3590 literam
576 3511 650 3588 siue
662 3515 891 3589 cuidcnciam
904 3539 971 3612 per
982 3518 1163 3590 notarium
1178 3515 1363 3611 publicum
1376 3515 1638 3611 inbalbriptum
1649 3518 1762 3592 truns-

420 3630 508 3702 sumi
527 3642 567 3702 et
581 3627 780 3721 exemplari
798 3653 841 3702 ac
856 3632 894 3702 in
918 3629 1101 3725 publicam
1124 3625 1327 3722 transcripti
1356 3627 1504 3700 formam
1530 3630 1643 3726 redigi
1660 3653 1760 3703 man-

420 3744 531 3816 dare·
552 3739 631 3814 Nos
649 3763 735 3813 vero
751 3743 988 3815 attendentes
1004 3737 1207 3814 huiusmodi
1225 3736 1519 3834 supplicationem
1537 3743 1613 3814 sore
1629 3739 1759 3816 iustam

419 3870 458 3928 et
473 3856 602 3928 rationi
621 3851 814 3926 consonam
832 3855 1065 3927 intimatione
1081 3853 1226 3948 publica
1242 3852 1340 3947 prius
1357 3853 1451 3924 satta
1463 3853 1593 3926 distem
1612 3855 1759 3928 euiden-

418 3968 512 4040 ciam
528 3967 714 4038 tenuimus
731 3964 960 4061 palpouimua
976 3975 1017 4038 et
1033 3963 1229 4060 diligenter
1244 3965 1529 4036 examinauimus
1545 3989 1588 4039 ac
1605 3968 1757 4040 eandem

419 4101 483 4173 per
499 4079 677 4150 notarium
701 4075 970 4172 infrascriptam
996 4073 1183 4150 transcribi
1208 4075 1342 4169 copiari
1371 4085 1410 4147 et
1426 4077 1624 4173 exemplari
1654 4090 1694 4152 et
1718 4081 1756 4152 in

418 4188 598 4284 publicam
624 4187 830 4284 transcripti
861 4191 1015 4262 sormam
1044 4187 1157 4283 redigi
1175 4187 1424 4260 mandauimas
1448 4189 1551 4261 cuius
1572 4191 1757 4264 euidentie

418 4314 525 4374 tenor
540 4298 702 4394 sequitur
717 4301 755 4372 in
773 4301 842 4374 bac
859 4303 977 4375 sorum
1001 4339 1012 4358 ·
1030 4295 1217 4374 Vniuersra
1233 4299 1351 4372 sandtc
1367 4303 1491 4374 matris
1506 4298 1657 4376 ecclesie
1674 4304 1757 4400 tilijs

420 4411 592 4486 Matbcus
604 4410 673 4484 Dei
685 4413 804 4508 gretia
813 4409 1084 4487 Aberdonensrs
1094 4407 1241 4486 ecclesie
1251 4409 1413 4486 minister
1421 4412 1567 4488 humilis
1578 4411 1731 4490 salutem
1745 4462 1755 4481 ·

418 4525 544 4598 Sciant
556 4521 740 4620 presentes
756 4534 797 4597 et
814 4523 930 4597 sutori
946 4549 1013 4600 noa
1029 4526 1074 4600 ad
1086 4522 1387 4621 presentationem
1405 4527 1522 4599 fratria
1534 4526 1692 4601 Gilberti
1710 4530 1756 4604 de

419 4636 498 4709 Ver
514 4647 790 4729 ceterommque
815 4637 968 4710 fratrum
987 4635 1096 4713 sautti
1119 4635 1303 4734 hospitalis
1328 4635 1607 4712 Jerosolimitaui
1630 4642 1757 4737 prioris
