4612 5964
492 701 593 796 xva]
965 705 1375 782 ABER-DONENSE.
1774 721 1836 785 111

491 927 568 974 rum
586 927 697 998 graue
714 905 915 998 periculum
930 909 1026 980 vnde
1044 908 1223 979 nonnulla
1239 904 1402 980 scandala
1420 915 1457 976 ct
1476 909 1702 979 incommoda
1716 915 1839 1004 grauia

491 1027 529 1088 vt
545 1017 782 1090 informamur
806 1015 890 1090 sunt
917 1018 1040 1092 secuta
1063 1020 1312 1112 amplioraque
1335 1014 1433 1108 sequi
1452 1015 1697 1090 veresnnilitcr
1721 1019 1839 1114 presu-

489 1138 639 1200 muntur
662 1127 894 1224 imposterum
920 1129 986 1202 nili
1010 1132 1095 1201 huic
1122 1130 1250 1200 morbo
1274 1128 1381 1202 celeri
1407 1129 1565 1201 remedio
1590 1128 1837 1204 succurratur·

490 1241 568 1313 Nos
587 1243 698 1337 igitur
713 1244 759 1316 de
776 1243 839 1315 illo
853 1242 960 1338 super
974 1243 1043 1313 hiis
1057 1242 1219 1312 remedio
1233 1241 1422 1332 prouidere
1435 1241 1597 1314 solentes
1611 1253 1648 1315 ct
1662 1255 1835 1337 quantum

488 1379 569 1426 cum
598 1357 666 1428 deo
692 1353 873 1450 possumus
902 1356 1092 1447 cupientes
1123 1351 1219 1422 uiam
1247 1350 1417 1422 aduersus
1443 1353 1567 1424 talium
1595 1357 1834 1449 improborum

488 1471 731 1542 temeritatem
750 1479 788 1540 ct
804 1466 1008 1559 nequiciam
1034 1460 1248 1556 praeludere
1271 1464 1474 1534 infuturum
1492 1467 1536 1536 dc
1554 1470 1733 1538 corrnnuni
1751 1491 1837 1539 con-

487 1578 587 1653 sensu
605 1581 827 1653 confratnrm
844 1573 1046 1648 nostrorum
1066 1573 1194 1645 decani
1214 1583 1253 1644 et
1271 1575 1420 1668 capituli
1440 1573 1548 1647 nostri
1567 1577 1835 1651 Abcrdonensis

485 1693 529 1765 ad
547 1689 771 1784 infrascripta
787 1685 1000 1778 exequenda
1014 1684 1265 1777 capitulariter
1282 1691 1489 1784 congregati
1504 1700 1643 1762 matura
1660 1691 1834 1764 delibera·

485 1808 584 1878 tione
617 1804 772 1875 tractatu
808 1809 847 1871 et
882 1792 1029 1868 oonsilio
1060 1798 1260 1889 probabitis
1289 1823 1354 1894 pro
1384 1802 1487 1872 nobis
1517 1813 1554 1874 ct
1584 1799 1832 1876 successoribus

484 1913 613 1990 nostris
633 1922 809 2008 perpetuo
826 1910 973 1981 decreto
992 1909 1222 1982 decernimus
1241 1910 1433 1985 statuimus
1451 1925 1488 1984 ct
1506 1917 1709 1988 ordinamus
1735 1919 1829 2010 quod

483 2030 529 2100 de
545 2039 668 2100 cetero
685 2035 724 2096 et
742 2025 888 2094 inantea
905 2020 1028 2092 nullus
1045 2017 1308 2097 ecclesiasticus
1324 2035 1390 2097 aut
1407 2024 1572 2098 secularis
1589 2026 1831 2122 cuiuscunque

482 2138 698 2214 conditionis
715 2131 827 2206 status
842 2134 975 2228 gradus
992 2143 1057 2205 aut
1075 2137 1341 2228 proeminentia
1354 2139 1519 2209 extiterit
1536 2140 1628 2211 inira
1644 2139 1829 2213 ecclesiam

482 2249 637 2323 nostram
655 2246 898 2320 cathedralem
917 2257 982 2318 aut
999 2246 1202 2340 capitulum
1221 2244 1379 2319 ciusdem
1398 2261 1541 2320 creetur
1556 2263 1620 2321 aut
1638 2255 1830 2346 recipiatur

480 2368 515 2436 in
541 2363 754 2435 canonicum
772 2359 817 2430 ad
835 2360 1060 2430 communias
1088 2383 1171 2429 cum
1201 2358 1282 2452 aliJs
1299 2358 1395 2430 illius
1421 2357 1568 2432 ecclesio
1585 2365 1765 2436 canonicis
1790 2379 1826 2436 et

480 2472 749 2546 distributiones
775 2471 1003 2566 quotidianas
1030 2473 1279 2565 percipiendas
1307 2481 1371 2542 aut
1399 2470 1519 2543 locuur
1547 2473 1603 2544 vel
1636 2488 1759 2547 votum
1790 2479 1826 2548 in

479 2585 637 2680 capitulo
653 2581 716 2655 scu
742 2579 884 2654 stallum
904 2583 941 2651 in
960 2582 1068 2652 choro
1094 2585 1263 2676 optinere
1281 2581 1378 2653 salet
1405 2579 1466 2653 scu
1492 2581 1579 2654 alias
1596 2587 1827 2675 quouilinodo

479 2700 693 2770 admittatur
715 2697 812 2767 inter
838 2706 978 2766 ceteros
1007 2693 1166 2765 ciulilcrn
1192 2689 1342 2768 ccclelic
1372 2696 1562 2765 canonicos¹
1592 2695 1723 2788 abique
1749 2722 1827 2792 pre-

479 2811 596 2882 benda
612 2809 708 2881 disto
724 2804 788 2878 suo
805 2807 1034 2880 canonicatui
1053 2805 1146 2877 inira
1164 2807 1317 2878 candem
1337 2803 1522 2877 eccleliam
1541 2830 1681 2880 annexa
1698 2807 1761 2880 uili
1789 2815 1824 2883 in

478 2919 574 2994 sacra
600 2919 783 3015 theologia
799 2920 924 2990 dottor
940 2943 1023 2990 curn
1043 2917 1175 2991 etfama
1202 2929 1344 2991 creatus
1365 2920 1483 2990 autin
1502 2920 1625 2991 cadem
1654 2923 1825 2995 saeuitum

478 3033 684 3105 licentiatus
710 3033 820 3103 luerit
846 3031 891 3102 ad
919 3031 1212 3102 annuntiandum
1240 3043 1276 3102 et
1308 3031 1563 3124 predicandum
1589 3034 1736 3104 verbum
1766 3037 1823 3107 dei

477 3145 608 3240 populo
634 3141 837 3216 Christiano
862 3153 975 3236 atquo
1003 3140 1229 3236 personalem
1255 3138 1485 3214 residentiam
1515 3145 1551 3214 in
1582 3145 1675 3216 dicu
1706 3145 1824 3220 nostra

476 3253 626 3329 eeclesia
651 3279 751 3326 more
769 3257 879 3326 trium
897 3255 1118 3349 dignitatum
1144 3251 1224 3347 post
1247 3256 1424 3327 decanum
1443 3251 1675 3348 personaliter
1692 3260 1823 3331 iaciet-

478 3369 657 3441 Volumus
676 3363 819 3460 inlirpcr
832 3377 869 3436 ct
884 3388 948 3458 pro
960 3377 1138 3459 perpetuo
1150 3363 1287 3438 statuto
1300 3365 1483 3439 sanxinms
1500 3367 1594 3458 quod
1610 3367 1709 3439 nulle
1722 3371 1821 3441 dein·

475 3505 558 3576 ceps
575 3477 857 3572 dispensationes
881 3476 1125 3548 relaxationes
1142 3476 1205 3549 scu
1232 3477 1423 3574 priuilegia
1448 3490 1572 3551 contra
1591 3481 1820 3554 sartulationcs

475 3605 513 3664 et
530 3588 773 3663 institutiones
792 3591 1071 3661 canonicatuum
1100 3591 1363 3683 prebendarum
1382 3590 1658 3683 capellaniarum
1679 3607 1714 3662 et
1733 3593 1820 3665 alio-

474 3729 552 3777 rum
584 3705 782 3774 officiorum
807 3705 844 3773 iu
866 3698 1017 3774 ecclelia
1046 3699 1167 3774 nostra
1197 3704 1382 3775 antedista
1409 3701 1513 3796 super
1540 3706 1668 3796 qulbus
1694 3728 1758 3774 nos
1782 3724 1816 3779 et

474 3817 671 3912 capitulum
689 3810 850 3886 nostrum
868 3814 1091 3886 antoninum
1111 3815 1158 3885 ‹le
1177 3816 1255 3886 iure
1271 3814 1531 3887 consuetudine
1545 3815 1601 3886 rel
1621 3815 1707 3888 alias
1722 3817 1819 3890 licite

474 3925 672 4022 dispensare
690 3923 870 4022 possumus
898 3925 1005 3997 alicui
1024 3926 1274 3997 concedantur
1297 3949 1415 4020 neque
1445 3927 1564 4019 alique
1585 3925 1818 4004 asliulationes

471 4036 699 4113 ecclesiarum
718 4040 968 4112 communium
986 4038 1138 4132 capituli
1165 4034 1276 4110 nostri
1304 4040 1398 4112 vltra
1424 4041 1708 4132 quinquennium
1727 4045 1815 4115 licut

471 4150 531 4225 seu
549 4151 677 4243 queuis
706 4147 777 4221 alia
797 4149 909 4222 ardua
935 4151 1086 4245 negocia
1116 4150 1201 4222 diat
1230 4146 1340 4223 nostri
1367 4151 1515 4246 capituli
1542 4155 1740 4224 tradentur
1757 4155 1816 4227 liu

471 4265 702 4360 perficiantur
712 4263 878 4354 (quorum
893 4263 1125 4356 negociorum
1145 4263 1338 4335 arduitatis
1356 4263 1632 4336 declarationem
1651 4275 1689 4335 ct
1706 4267 1817 4339 inter·

470 4377 710 4472 pretationem
735 4373 838 4446 nobis
856 4385 895 4445 ct
912 4375 1074 4468 capitulo
1093 4371 1214 4446 nostro
1236 4373 1417 4447 reseruarc
1444 4375 1623 4468 volumus)
1647 4371 1712 4447 nili
1736 4402 1817 4472 pre·

470 4491 623 4565 cedente
640 4487 757 4560 ediao
785 4485 931 4581 publico
949 4489 986 4560 iu
1006 4488 1121 4560 voluis
1145 4489 1276 4559 domus
1295 4488 1501 4582 capitularis
1530 4485 1643 4581 spatio
1666 4492 1816 4581 quadra-

468 4605 570 4701 muta
599 4601 739 4673 dicrum
769 4597 947 4696 affigendo
973 4597 1167 4694 citatisque
1192 4609 1231 4672 ct
1252 4602 1387 4673 voeatis
1408 4593 1572 4672 interesse
1598 4599 1815 4676 habentibus
