4612 5964
459 754 505 820 44
980 745 1284 820 REGISTRUM
1652 757 1804 852 [secum

165 965 421 1028 flintrrddtsrtr
458 947 495 1016 iu
512 943 663 1018 ecclesia
688 943 886 1019 residentes
903 944 1067 1017 diuinum
1093 945 1247 1015 officium
1274 944 1525 1036 adimplebunt
1544 989 1553 1006 ·
1572 948 1654 1023 Hoc
1680 966 1801 1026 autem

166 1389 318 1446 confiteor
330 1397 357 1446 et

167 1455 326 1512 scorbinio

166 1719 385 1783 neutrumne

161 3061 254 3128 eneti
267 3063 296 3118 io
309 3059 395 3128 ώσω

459 1053 642 1130 sciendum
662 1054 829 1150 estquod
847 1059 885 1128 in
903 1058 1070 1129 omuibus
1097 1051 1194 1127 sestis
1211 1052 1415 1147 duplicibus
1440 1056 1554 1127 totius
1579 1063 1664 1131 euni
1683 1060 1709 1133 sr
1727 1063 1802 1137 lieri

458 1165 577 1261 potest
594 1169 730 1240 debent
753 1169 917 1240 canonici
942 1164 1011 1241 else
1034 1162 1186 1238 ministri
1208 1165 1331 1238 altaris
1357 1164 1564 1257 principalis
1584 1179 1624 1240 et
1645 1175 1803 1246 maxime

459 1280 603 1371 quando
632 1276 820 1373 episcopus
849 1277 1012 1352 celebrat
1038 1322 1046 1338 ·
1072 1279 1117 1350 ad
1148 1279 1324 1349 decanum
1352 1297 1437 1346 vero
1467 1278 1627 1368 pertinet
1653 1280 1803 1357 absente

459 1389 624 1484 episcopo
649 1390 771 1462 dicere
796 1408 1013 1462 coumrcoa
1038 1391 1084 1461 ud
1109 1406 1411 1460 conrneronruu
1441 1395 1481 1456 et
1510 1385 1557 1456 ad
1588 1408 1738 1464 carnin
1764 1411 1802 1466 et

458 1501 543 1572 dure
569 1501 839 1573 benedittionee
860 1501 898 1571 in
921 1499 1135 1572 lettionibus
1161 1498 1321 1595 legendis
1347 1498 1478 1569 tamin
1496 1495 1606 1568 choro
1631 1522 1739 1591 quom
1765 1507 1801 1576 in

458 1611 618 1704 capitulo
635 1651 644 1668 ·
662 1613 700 1682 in
723 1608 892 1683 absencia
908 1632 992 1682 vero
1017 1607 1173 1703 episcopi
1195 1620 1234 1682 et
1251 1610 1377 1682 decani
1399 1605 1564 1680 sacerdos
1588 1609 1803 1684 ebdomeda-

456 1725 530 1793 rius
548 1721 637 1793 illud
651 1723 810 1793 officium
828 1729 1032 1812 exequatur
1045 1757 1053 1774 ·
1067 1718 1196 1790 Honor
1213 1733 1336 1793 autem
1349 1730 1388 1792 et
1401 1720 1613 1792 reuerencie
1624 1720 1804 1794 debentur

456 1834 594 1904 decano
620 1834 656 1903 in
682 1831 753 1924 hijs
777 1853 849 1922 que
876 1827 1142 1924 subiunguntur
1163 1871 1172 1888 ·
1197 1845 1235 1903 vt
1260 1853 1387 1903 omues
1413 1841 1489 1903 tem
1515 1832 1668 1904 maiores
1694 1856 1800 1925 quam

456 1944 613 2013 minores
629 1943 727 2014 chori
746 1964 792 2012 ex
810 1939 1027 2012 occidentali
1052 1943 1209 2033 partein
1228 1937 1381 2036 ingressu
1401 1951 1440 2014 et
1457 1939 1595 2037 egressu
1615 1943 1661 2014 nd
1687 1942 1801 2038 ipsum

456 2056 492 2123 in
511 2049 615 2124 stello
632 2049 695 2124 suo
712 2046 930 2122 existentem
956 2048 1209 2123 inclinabunt·
1227 2063 1391 2144 preterea
1414 2053 1552 2124 decano
1577 2053 1726 2125 chorum
1745 2059 1802 2128 vel

455 2160 654 2255 capitulum
686 2161 838 2232 intranti
870 2159 928 2230 vel
962 2155 1151 2232 transitum
1182 2163 1314 2232 ibidem
1346 2163 1493 2234 facienti
1525 2162 1646 2237 clerici
1676 2188 1803 2240 omnes

455 2283 630 2343 tenentur
641 2267 820 2364 assurgere
834 2309 842 2326 ·
856 2271 1035 2342 intrantes
1052 2282 1176 2342 autern
1191 2271 1247 2343 vel
1262 2282 1440 2345 excuntes
1453 2297 1499 2346 cx
1514 2276 1680 2348 orientali
1700 2291 1803 2372 parte

455 2385 571 2476 primo
598 2381 825 2454 inclinabunt
843 2377 880 2451 se
897 2378 943 2452 ad
968 2381 1167 2474 principale
1191 2382 1304 2456 altare
1322 2394 1361 2456 et
1384 2381 1613 2478 postmodum
1639 2389 1800 2461 conuerti

454 2495 499 2566 ad
518 2495 694 2566 dcconnm
712 2489 748 2564 se
766 2491 945 2563 inclinent
963 2531 973 2546 ·

935 2716 992 2789 De
1008 2718 1125 2791 cilicio
1142 2723 1296 2792 cantoris
1314 2760 1323 2776 ·

454 2941 624 3014 Officium
647 2952 771 3012 autern
795 2941 954 3012 cantoris
970 2935 1023 3010 est
1041 2941 1078 3011 in
1096 2955 1267 3013 cantuum
1295 2941 1502 3014 eleuotione
1523 2955 1562 3016 et
1579 2942 1799 3038 deprellione

454 3075 577 3148 rogere
591 3091 599 3108 ·
613 3052 657 3124 ad
677 3050 781 3122 illum
800 3052 960 3143 pertinet
977 3073 1170 3144 puerorum
1188 3054 1224 3122 in
1238 3051 1347 3123 clioro
1364 3047 1551 3125 instruitio
1562 3065 1603 3126 et
1614 3055 1800 3150 disciplina

452 3178 491 3236 ot
508 3162 705 3235 eorundem
724 3163 761 3232 in
780 3159 890 3232 choro
907 3157 1069 3232 admillio
1086 3169 1125 3232 ct
1142 3163 1323 3232 ordinacio
1341 3201 1351 3218 ·
1369 3174 1534 3255 preterea
1551 3165 1588 3235 io
1605 3167 1800 3239 maioribus

451 3273 657 3369 duplicibus
683 3269 783 3344 sestis
809 3281 958 3344 tenetur
983 3270 1219 3366 personaliter
1245 3267 1410 3344 interesse
1435 3275 1601 3370 regimird
1627 3275 1725 3348 chori
1753 3280 1797 3349 od

452 3382 587 3458 inillam
605 3407 690 3456 cum
708 3383 840 3454 ceteris
858 3381 1057 3456 rudioribus
1074 3383 1171 3455 chori
1185 3419 1194 3438 ·
1208 3393 1372 3476 proterea
1388 3385 1424 3454 in
1443 3387 1541 3458 omni
1556 3385 1690 3480 duplici
1709 3390 1798 3461 fello

451 3497 507 3568 rel
522 3494 750 3588 alioquando
761 3493 891 3566 chorus
904 3495 1043 3589 regitur
1055 3492 1276 3566 decentibus
1291 3493 1521 3590 iniungendis
1533 3509 1572 3570 et
1587 3500 1798 3592 incipiendis

450 3631 514 3700 per
530 3604 566 3679 se
583 3607 739 3678 restores
755 3605 855 3676 ebori
874 3615 1022 3676 tenetur
1039 3600 1214 3675 instruere
1227 3643 1236 3661 ·
1250 3603 1345 3674 ltern
1364 3627 1490 3677 omnes
1507 3619 1637 3680 cantus
1649 3610 1695 3681 ab
1708 3609 1798 3704 epis·

449 3741 540 3813 copo
554 3714 779 3810 incipiendus
792 3711 855 3808 ipss
869 3711 1035 3808 episcopo
1048 3716 1085 3786 in
1101 3711 1247 3808 persona
1264 3717 1407 3808 propria
1424 3726 1572 3790 tenetur
1588 3721 1796 3816 iniungere·

904 3933 963 4008 De
978 3937 1097 4008 officio
1113 3934 1315 4029 cancellarij
1335 3977 1343 3994 ·

448 4161 617 4236 Ollicium
636 4157 843 4253 cancellarij
860 4154 915 4230 est
931 4159 1027 4230 cirea
1051 4155 1223 4230 librorum
1240 4159 1499 4232 comsionem
1516 4185 1638 4236 euram
1658 4167 1795 4260 innuen·

156 4289 436 4360 mensumn
448 4275 535 4346 dere
561 4272 735 4344 lcttiones
754 4267 989 4344 al'cnltureet
1006 4272 1227 4342 terminare·
1245 4265 1401 4366 sigillum
1427 4293 1621 4348 commune
1645 4277 1794 4350 ecclesio

158 4357 287 4416 mdis

449 4383 698 4479 principaliter
720 4377 901 4454 custodire
923 4419 932 4438 ·
954 4381 1008 4452 ita
1029 4391 1152 4454 temen
1178 4381 1273 4474 quud
1299 4380 1390 4453 illud
1420 4383 1458 4455 in
1485 4383 1704 4461 thesauraria
1729 4389 1794 4460 liri·

448 4499 587 4570 tbrrura
615 4493 751 4588 duplici
782 4485 986 4586 depofinan
1014 4489 1223 4565 recludetur
1248 4515 1398 4586 querum
1426 4491 1644 4569 serrurarum
1672 4499 1793 4574 claues

449 4629 561 4704 penes
578 4606 756 4680 decenum
775 4625 846 4678 roa
862 4611 902 4676 et
918 4625 1030 4698 penes
1047 4603 1304 4678 thessnrarium
1330 4603 1400 4678 slis
1423 4601 1658 4681 residebunt·
1677 4609 1790 4704 ipsum
