4612 5964
491 786 599 880 xna]
967 787 1372 862 ABERDONENSE.
1797 797 1845 867 47

490 984 645 1056 ‹lomada
675 986 749 1056 duo
776 985 838 1080 alij
862 988 901 1058 in
927 988 999 1059 alia
1027 986 1226 1058 ebdomada
1249 981 1510 1056 substituantur
1535 994 1573 1054 et
1600 980 1647 1054 fic
1673 985 1842 1078 deinceps

489 1095 535 1166 de
558 1095 639 1188 alijs
657 1137 665 1153 ·
686 1094 849 1170 Primam
872 1097 1012 1171 missam
1036 1121 1144 1168 mane
1170 1097 1215 1166 de
1241 1095 1346 1166 beata
1364 1093 1518 1188 Virgine
1540 1095 1730 1165 dicendam
1756 1102 1957 1166 σου-θῆκεν

489 1201 672 1279 stituimus
699 1249 708 1265 ·
736 1205 930 1282 secundam
959 1233 1029 1302 que
1056 1209 1190 1278 dicitur
1214 1206 1327 1275 maior
1352 1200 1451 1276 missa
1477 1200 1551 1276 siue
1578 1225 1629 1276 us
1653 1225 1720 1276 mu
1745 1209 1841 1278 circa

488 1318 613 1391 borum
639 1321 787 1392 tertiam
819 1343 1020 1415 perunum
1047 1317 1274 1409 capellanum
1301 1316 1346 1386 de
1372 1317 1512 1387 duobus
1536 1317 1593 1388 rel
1623 1321 1837 1391 canonicum

487 1429 662 1503 celebrari
689 1432 860 1503 volumus
887 1442 927 1504 et
951 1430 1016 1502 illa
1042 1422 1143 1498 missa
1167 1425 1376 1498 nullatenus
1402 1423 1477 1498 sme
1503 1427 1663 1521 dyacona
1689 1441 1728 1500 et
1758 1428 1838 1501 sub·

487 1539 649 1632 dyacono
676 1545 713 1614 in
740 1539 968 1614 vestimentis
994 1540 1039 1610 ad
1065 1560 1191 1609 eorum
1217 1537 1374 1608 officium
1399 1539 1581 1632 deputatis
1607 1538 1838 1612 celebretur·

486 1653 721 1726 nihilominus
738 1675 823 1726 cum
843 1661 990 1744 tompus
1007 1647 1244 1743 postulauerit
1261 1643 1362 1720 milla
1378 1651 1415 1719 ia
1433 1649 1593 1743 capitulo
1610 1651 1836 1724 celebretur·

485 1765 652 1848 Quilibet
669 1789 757 1838 vero
777 1761 1005 1836 sacerdotum
1031 1761 1185 1832 aliorum
1211 1762 1309 1830 omni
1328 1761 1386 1833 die
1411 1757 1475 1831 nili
1501 1760 1705 1834 rationabili
1732 1763 1838 1835 caulis

484 1876 593 1948 suerit
621 1875 816 1949 excusatus
842 1869 982 1945 millam
1009 1895 1073 1966 pro
1099 1873 1275 1944 defundis
1303 1871 1484 1943 celebrare
1513 1874 1722 1943 tenebitur·
1743 1870 1837 1946 Istos

482 2000 606 2059 autem
620 1986 759 2081 septem
778 1984 984 2059 sacerdotes
997 1985 1148 2056 vicarios
1162 1991 1335 2054 tenentur
1347 1984 1509 2054 canonici
1528 1983 1714 2077 lirbscripti
1733 1987 1836 2058 iuue—
1849 1983 2045 2108 fflffiffm

483 2101 561 2171 nire
573 2096 774 2193 Episcopus
786 2095 959 2170 Decanus
972 2095 1170 2168 Precentor
1183 2094 1429 2167 Cancellarius
1439 2091 1835 2170 TlresanrariusArclri·

483 2211 655 2292 diaconus
681 2221 722 2281 et
744 2209 932 2304 prebenda
953 2209 1000 2279 de
1018 2207 1197 2300 Balbeluy
1215 2244 1223 2262 ·
1241 2206 1424 2300 prebenda
1441 2227 1527 2277 vero
1543 2207 1589 2278 de
1606 2205 1711 2300 Oryn
1730 2209 1834 2281 etde

481 2321 636 2394 Crwdau
667 2331 707 2393 et
736 2321 783 2392 de
815 2319 1030 2393 Murtblach
1061 2321 1230 2392 diaconos
1257 2319 1407 2390 vicarios
1437 2329 1610 2390 tenentur
1641 2322 1805 2393 inuenire
1824 2315 2011 2437 ξᾶξξέἑῆ,

481 2434 665 2526 prebende
683 2455 771 2505 vero
796 2433 844 2505 de
870 2431 1063 2524 Bauclrory
1088 2443 1127 2504 et
1153 2432 1199 2502 de
1217 2429 1335 2502 Deere
1361 2441 1400 2502 et
1425 2431 1470 2502 de
1487 2429 1572 2502 Clat
1596 2428 1833 2506 subdiaconos

482 2545 632 2616 vicarios
649 2554 828 2617 teneatur
844 2543 1012 2615 inuenire
1031 2583 1039 2600 ·

482 2767 539 2837 De
571 2764 842 2861 presentatione
873 2766 1088 2836 vicariorum
1124 2765 1260 2835 decano
1291 2775 1328 2834 et
1358 2764 1517 2857 capitulo
1547 2777 1586 2836 et
1616 2789 1739 2837 eorum
1771 2771 1833 2840 ad·

480 2874 644 2949 missione
662 2916 671 2934 ·

480 3100 609 3173 l’reter
625 3101 695 3172 hec
714 3097 908 3172 statuendo
926 3100 1154 3170 decernimus
1172 3099 1266 3190 ‹puod
1292 3120 1419 3169 onmes
1444 3103 1606 3174 canonici
1626 3113 1700 3172 tam
1720 3107 1831 3174 maio-

479 3234 535 3283 res
553 3233 662 3305 quam
681 3212 841 3282 minores
859 3211 1012 3281 sicarios
1032 3210 1116 3280 boni
1136 3205 1329 3301 testimonij
1348 3211 1443 3281 viros
1460 3211 1597 3282 decano
1614 3221 1653 3283 et
1670 3214 1830 3307 capitulo

478 3321 685 3416 presentare
696 3331 873 3394 tenentur
883 3333 923 3392 et
936 3316 964 3392 si
978 3317 1266 3415 presentauerint
1278 3318 1435 3412 aliquem
1447 3323 1508 3413 qni
1522 3325 1621 3416 prius
1634 3345 1705 3394 non
1721 3325 1831 3396 fucrit

479 3436 633 3506 vicarius
658 3454 732 3505 non
760 3429 926 3504 absolute
949 3432 1167 3504 admittetur
1191 3429 1250 3502 sed
1278 3430 1471 3525 diligenter
1495 3435 1762 3506 examinabitur
1782 3461 1828 3507 arr
1845 3453 2032 3516 eremitorio

476 3543 565 3618 sciat
594 3545 715 3640 legere
740 3553 781 3616 et
806 3555 955 3616 cantare
980 3553 1019 3614 et
1046 3542 1132 3614 licet
1157 3553 1348 3635 atrumque
1374 3541 1460 3614 sciat
1491 3544 1725 3636 probabiliter
1755 3570 1827 3619 non

478 3670 600 3729 tamen
624 3657 847 3729 admittetur
863 3657 909 3728 de
927 3654 1036 3750 plano
1052 3653 1113 3726 sed
1141 3657 1192 3725 ita
1210 3666 1249 3725 vt
1270 3650 1314 3724 lit
1338 3657 1374 3724 in
1402 3655 1615 3747 probatione
1631 3658 1747 3748 primo
1764 3681 1829 3752 per
1842 3669 2026 3804 {1¹22hW

475 3792 612 3841 anuum
632 3783 672 3840 vt
694 3769 842 3841 interim
861 3765 974 3840 discat
1001 3766 1209 3860 psalterium
1229 3767 1430 3858 >minacium
1450 3778 1487 3836 et
1505 3768 1797 3862 antiphonarium
1817 3813 1826 3830 ·

476 3894 515 3952 et
541 3875 568 3950 li
593 3876 715 3973 elapso
740 3903 838 3952 anno
864 3880 902 3950 in
929 3879 998 3971 hijs
1024 3878 1215 3970 profecerit
1241 3879 1293 3947 ita
1318 3887 1357 3947 tt
1384 3875 1445 3948 illa
1473 3875 1561 3948 sciat
1591 3879 1828 3972 probabiliter

476 3993 696 4064 admittetur
721 3986 774 4062 liu
805 4006 930 4063 autem
962 3988 1160 4083 repelletur
1184 4025 1193 4042 ·
1219 3986 1381 4072 Quilibet
1407 3999 1531 4060 autem
1560 3991 1711 4062 vicarius
1741 4006 2041 4065 cumiuramrntam

475 4103 684 4177 admittitur
709 4102 845 4174 iurabit
867 4100 1085 4174 fidelitatem
1111 4095 1261 4172 ecclesie
1277 4111 1315 4170 et
1333 4098 1493 4192 capitolo
1510 4112 1547 4172 et
1564 4103 1660 4194 quod
1687 4100 1827 4179 secreta

474 4213 625 4309 capituli
650 4236 723 4305 que
749 4209 814 4285 libi
838 4214 977 4286 suerint
1002 4207 1142 4285 ostensa
1167 4233 1238 4282 non
1263 4210 1441 4282 reuelabit
1462 4208 1626 4284 similiter
1646 4226 1684 4287 et
1711 4220 1823 4290 ceteri

475 4325 596 4398 cleriei
625 4327 688 4419 qui
719 4326 870 4398 chorum
895 4325 1161 4418 frequentant·
1184 4334 1223 4394 et
1246 4317 1272 4392 li
1301 4324 1453 4394 vicarius
1476 4322 1661 4397 deceilerit
1686 4329 1741 4398 rel
1769 4332 1982 4400 maruan
1996 4337 2117 4388 aaaron

475 4433 616 4510 cesserit
638 4438 837 4509 canonicus
860 4435 974 4508 alium
1001 4432 1222 4529 presentabit
1248 4434 1341 4505 inira
1357 4435 1595 4530 quadraginta
1617 4437 1694 4508 dies
1712 4478 1720 4494 ·
1740 4438 1822 4512 etsi

475 4548 543 4621 boo
559 4569 633 4620 noa
652 4548 783 4620 iecerit
800 4544 918 4620 soluat
935 4545 1191 4618 nichilominus
1208 4542 1385 4640 stipendia
1402 4547 1534 4618 vicario
1550 4546 1674 4618 debita
1699 4549 1824 4623 habita

474 4660 751 4756 computatione
784 4681 850 4753 pro
884 4669 964 4732 rata
998 4661 1111 4729 totius
1143 4659 1228 4730 anni
1258 4679 1330 4750 que
1363 4656 1495 4730 cedant
1524 4658 1562 4729 iu
1592 4681 1822 4734 commanem
