4564 5968
481 717 549 782 158
1000 707 1305 783 REGISTRUM
1659 713 1810 810 [secum

476 909 569 983 ruo
580 953 588 970 ·
601 911 848 1006 (lApparatus
858 907 1098 984 archidiaconi
1111 907 1148 974 iu
1160 902 1405 978 secundosolin
1417 905 1585 1005 Sparsura
1595 951 1603 968 ·
1615 911 1650 980 u
1661 911 1813 984 Cronica

478 1023 631 1095 Martini
645 1025 690 1096 de
701 1025 802 1118 papis
816 1033 855 1095 et
868 1016 1143 1114 imperatoribus
1156 1017 1194 1085 in
1208 1011 1362 1087 secundo
1375 1018 1459 1090 lolio
1475 1017 1614 1114 Tefilrj·
1628 1022 1663 1090 u
1677 1021 1812 1096 Sextus

478 1135 516 1206 in
529 1131 684 1207 secundo
702 1133 787 1206 folio
799 1125 1089 1205 Incommutubt'lic
1104 1125 1160 1196 -u
1172 1125 1308 1198 Sextus
1321 1137 1360 1200 et
1370 1127 1596 1202 Clementiae
1612 1133 1650 1204 in
1668 1156 1738 1204 vno
1752 1155 1813 1204 ro·

476 1245 614 1318 lumine
627 1268 711 1318 cum
727 1250 902 1338 apparatu
921 1237 1100 1310 Willelmi
1117 1240 1164 1310 de
1180 1250 1305 1312 monte
1320 1240 1474 1314 lauduno
1491 1244 1529 1314 in
1546 1240 1700 1314 secundo
1726 1244 1812 1314 lolio

477 1355 668 1456 Frupronlr'
678 1356 799 1427 diuina
815 1390 823 1408 ·
840 1351 876 1421 ΙΙ
894 1349 1052 1421 nectura
1063 1353 1179 1444 prima
1190 1349 1214 1422 J
1216 1353 1367 1424 ohannis
1379 1350 1523 1425 Andree
1541 1350 1645 1446 super
1660 1351 1762 1425 sexto
1773 1357 1812 1426 in

477 1467 633 1543 secundo
650 1467 737 1538 solio
753 1462 921 1536 Jubernus
938 1498 947 1517 ·
966 1459 1000 1530 d
1018 1461 1304 1536 Archidiaconus
1322 1462 1423 1558 super
1437 1461 1578 1536 sextum
1604 1465 1642 1535 in
1659 1461 1813 1536 secundo

478 1579 766 1653 fnlioHercticum
778 1613 786 1632 ·
800 1574 835 1643 u
848 1573 1072 1646 Martiniano
1084 1573 1218 1646 decreti
1229 1586 1269 1648 et
1278 1575 1507 1648 decretalium
1518 1571 1716 1648 insecundo
1727 1575 1812 1647 iolio

479 1689 697 1782 Quodcldne·
710 1683 963 1757 leillelmus
976 1685 1022 1756 de
1033 1683 1605 1782 Mandagotasupereledtioriibus
1616 1685 1812 1759 insecundo

477 1800 654 1895 folioPoll
668 1796 861 1895 oorffcnfum
875 1837 883 1854 ·
898 1795 934 1865 ΙΙ
946 1794 1142 1890 Speculum
1154 1798 1321 1871 iudiciale
1330 1801 1455 1872 modici
1470 1799 1599 1874 valoris
1608 1801 1646 1870 in
1659 1795 1813 1871 secundo

478 1913 565 1986 lolio
585 1909 732 1984 Tradita
750 1949 759 1966 ·
776 1907 977 1980 Tanarutus
1002 1909 1048 1980 de
1073 1909 1214 2001 iudicijs
1231 1911 1269 1979 in
1292 1908 1443 1982 secundo
1467 1911 1553 1984 folio
1570 1901 1811 1984 Pcrtrudlntn·

477 2025 513 2095 u
525 2025 679 2095 Lattara
692 2021 901 2114 Innocenoij
916 2021 1036 2112 quarti
1051 2017 1156 2112 super
1171 2021 1371 2094 decretales
1387 2023 1423 2094 in
1434 2021 1588 2096 secundo
1601 2023 1688 2095 solio
1701 2061 1711 2082 ·
1723 2047 1764 2120 q·
1779 2023 1794 2094 ι’
1803 2061 1811 2078 ·

477 2136 512 2205 u
529 2134 761 2206 clementino
778 2153 860 2202 cum
879 2127 1198 2202 constitutionibus
1216 2129 1393 2204 Johannis
1408 2156 1499 2228 pape
1516 2137 1591 2229 xxij
1610 2137 1647 2207 in
1666 2158 1735 2206 ino
1752 2159 1812 2206 vo-

479 2248 616 2318 lumine
633 2249 671 2316 in
689 2243 844 2316 secundo
872 2242 958 2314 iulio
985 2244 1022 2312 in
1039 2253 1146 2314 textu
1158 2239 1414 2340 Marriseslotir·
1434 2245 1554 2318 Prima
1571 2269 1651 2340 pare
1663 2245 1811 2320 Henrici

479 2359 584 2452 Boyk
598 2367 637 2430 ct
649 2359 685 2428 in
705 2355 862 2428 secundo
881 2353 968 2427 l'olio
993 2354 1007 2424 r‘
1016 2379 1057 2450 ·p
1071 2353 1234 2450 sipiano
1247 2395 1256 2412 ·
1271 2355 1436 2428 Secunda
1447 2379 1527 2448 pars
1545 2355 1694 2430 Henrici
1709 2357 1811 2452 Boyk

478 2475 516 2544 iu
527 2469 682 2544 secundo
694 2465 976 2564 iolioLupuilur·
988 2465 1023 2535 ll
1034 2463 1292 2540 Distinitioncs
1302 2467 1532 2541 decretalium
1543 2466 1702 2564 magistri
1714 2469 1813 2543 Petri

479 2586 613 2658 Sumne
634 2584 671 2654 in
690 2577 847 2653 secundo
865 2577 951 2650 lolio
968 2575 1184 2676 nusnlbnti·
1204 2579 1237 2648 (i
1252 2577 1402 2651 Summa
1417 2578 1567 2652 Golirirli
1585 2581 1631 2652 de
1646 2579 1763 2654 Trono
1775 2585 1810 2652 in

480 2696 635 2768 secundo
648 2694 863 2790 foliopelur·
877 2689 978 2764 Ordo
990 2690 1195 2763 iudiciarius
1208 2693 1245 2761 in
1259 2688 1500 2764 secundololio
1523 2689 1639 2764 Vtr'rel
1646 2733 1655 2750 ·
1666 2691 1699 2762 ti
1709 2693 1814 2766 Sunr-

479 2829 539 2878 nra
551 2805 758 2899 Raymundi
776 2804 821 2876 de
834 2803 1066 2877 matrimonio
1078 2805 1114 2874 in
1127 2799 1378 2875 secandofolio
1389 2801 1674 2876 Pcrmutulioair·
1693 2803 1814 2878 uDe·

479 2917 632 2989 cretales
645 2930 684 2987 ct
701 2915 880 3009 incipiunt
893 2915 931 2984 in
949 2923 1055 2985 textu
1066 2910 1336 3007 Filiysslrominrnn
1353 2923 1391 2986 et
1402 2915 1439 2986 in
1456 2911 1610 2988 secundo
1628 2915 1713 2988 lolio
1726 2915 1814 3015 Dip-

479 3031 596 3101 nitatis
613 3069 621 3086 ·
641 3027 900 3119 [Apparatus
919 3023 1084 3096 Villelmi
1095 3023 1141 3096 dc
1155 3025 1287 3097 Monte
1301 3024 1814 3122 laudanosuperClementinis

480 3145 517 3214 in
528 3140 683 3213 secundo
695 3136 780 3208 folio
794 3134 908 3208 libens
921 3175 930 3192 ·
942 3135 977 3203 u
989 3135 1238 3228 chcrtorium
1255 3135 1598 3212 WillelmiDurandi
1610 3142 1646 3212 in
1659 3137 1813 3213 secundo

480 3253 565 3324 folio
586 3250 815 3350 Iprrmcrrtin·
836 3247 921 3319 Vna
944 3242 1056 3342 gloll'a
1071 3245 1206 3318 decreti
1236 3243 1309 3318 line
1332 3244 1497 3321 allecibus
1521 3249 1596 3324 IIcc
1619 3251 1656 3322 in
1681 3263 1813 3324 textu·

480 3366 514 3436 (I
527 3364 637 3436 hiber
654 3363 701 3434 dc
718 3359 1040 3454 extrauagantibus
1057 3356 1233 3429 Johannis
1250 3381 1342 3454 pope
1359 3363 1433 3454 xxij
1445 3384 1525 3434 cum
1540 3375 1712 3457 apparatu
1726 3363 1816 3438 Ges·

482 3477 582 3550 solini
594 3475 782 3546 ctcronica
793 3472 900 3543 Bruti
910 3469 1057 3541 erduno
1068 3468 1408 3544 donriniAlexandri
1421 3473 1715 3568 Kynnyunmnde
1725 3477 1815 3572 epis-

481 3591 560 3683 copi
572 3599 610 3658 ct
622 3587 749 3678 incipit
760 3587 797 3656 in
811 3581 968 3655 secundo
982 3581 1068 3652 folio
1080 3579 1258 3654 Jndr'cinm
1272 3584 1308 3656 in
1327 3594 1429 3656 tcxtu
1447 3587 1534 3656 etin
1551 3583 1660 3680 glollu
1677 3585 1781 3660 lllrllr'
1805 3630 1814 3648 ·

479 3700 667 3772 Tradatus
685 3695 865 3768 Willclmi
889 3695 935 3765 du
949 3693 1083 3766 Monte
1100 3693 1269 3765 hauduno
1290 3708 1329 3767 et
1341 3697 1464 3790 incipit
1480 3695 1524 3768 K
1520 3697 1667 3792 mffimo
1664 3699 1745 3795 filio
1739 3701 1814 3798 siro

480 3825 520 3886 ct
536 3813 574 3883 in
591 3809 748 3882 secundo
766 3807 853 3879 folio
870 3797 1022 3903 Effidlur
1039 3801 1207 3876 rcrlrmnn
1225 3845 1234 3862 ·
1252 3805 1285 3874 ί
1306 3805 1390 3878 Vna
1404 3807 1520 3880 rotula
1535 3809 1581 3881 de
1597 3811 1748 3888 cronicis
1764 3835 1811 3886 cx

482 3937 634 4016 utroquo
660 3920 773 3992 latere
791 3917 923 4012 scripta
939 3930 978 3990 ct
997 3918 1124 4010 incipit
1142 3917 1178 3987 in
1196 3919 1311 4010 primo
1329 3916 1438 3990 latere
1456 3919 1612 4018 Quinque
1632 3921 1750 4020 pinorrr
1774 3938 1812 3996 et

480 4039 517 4108 in
535 4031 690 4106 secundo
707 4030 821 4103 latere
836 4027 1018 4125 Principio
1029 4025 1163 4100 retundi·
1180 4028 1214 4096 Ε
1227 4027 1420 4102 Decretum
1432 4033 1533 4103 cuius
1548 4044 1673 4106 textus
1687 4037 1813 4130 incipit

481 4151 518 4218 in
535 4143 693 4218 secundo
709 4141 796 4214 lolio
819 4139 963 4214 Ponitur
971 4140 1078 4236 ‹ffcin
1094 4163 1140 4214 cx
1157 4141 1351 4212 donatione
1375 4141 1584 4215 venerabilis
1603 4147 1666 4217 riri
1684 4145 1812 4242 maffl'l'·

482 4261 528 4332 tri
541 4257 680 4330 'l'lronre
693 4253 859 4326 Edname
876 4252 1057 4345 quondam
1070 4253 1232 4324 canonici
1245 4249 1506 4327 Aberdouensrs
1522 4295 1531 4312 ·
1549 4255 1582 4326 Ε
1601 4256 1708 4330 Alius
1721 4257 1813 4331 liber

481 4367 717 4442 decretalium
743 4367 779 4436 in
805 4362 964 4437 secundo
993 4361 1080 4435 solio
1106 4361 1170 4435 Ad
1196 4359 1292 4436 illam
1315 4385 1515 4438 connum
1541 4389 1588 4440 ex
1616 4368 1810 4444 donatione

480 4477 640 4554 eiusdem
657 4472 816 4574 magistri
826 4473 967 4547 Tlrome
983 4515 992 4534 ·
1007 4473 1042 4544 (i
1060 4473 1312 4570 Repertmium
1326 4472 1472 4550 llenrici
1486 4475 1594 4572 Buylr
1605 4479 1642 4550 in
1654 4477 1809 4554 secundo

482 4592 568 4665 lolio
596 4588 713 4664 Vtrrun
731 4579 1002 4662 ramosum
1021 4585 1278 4660 ordenatione
1302 4583 1455 4662 eiusdem
1480 4589 1541 4660 ιᾱ
1568 4590 1693 4665 Vnum
1717 4605 1810 4668 tem·
