4526 5954
459 722 558 816 x1v.]
928 731 1333 808 ABERDONENSE.
1732 741 1802 806 283

456 1031 512 1104 De
526 1039 652 1219 dtribus
677 1043 803 1117 croftis
832 1045 926 1118 inire
951 1045 1107 1141 burgum
1137 1044 1183 1115 de
1209 1042 1382 1113 Aberden
1410 1039 1599 1110 Willelmo
1629 1041 1674 1111 de
1701 1041 1795 1114 Letlr

457 1151 636 1222 venitis·
955 1165 971 1198 ’·

457 1347 645 1449 Vniuerfis
666 1377 760 1452 lrnne
776 1386 915 1452 emtum
932 1373 1058 1446 visuris
1075 1373 1133 1444 vel
1160 1371 1337 1442 audituris
1354 1370 1541 1443 Johennes
1558 1373 1604 1443 de
1621 1369 1795 1445 Sostelnw

452 1482 632 1581 burgensis
648 1488 695 1560 de
711 1487 886 1560 Aberden
905 1498 946 1560 et
963 1485 1095 1557 Emmo
1111 1485 1266 1554 Browne
1292 1479 1418 1576 sponse
1443 1481 1601 1555 eiusdem
1628 1493 1792 1556 eternam

449 1597 485 1666 in
498 1596 653 1674 Domino
666 1596 839 1672 sslntenr·
853 1597 1013 1670 Nouerit
1027 1589 1236 1666 vniuersrtas
1253 1591 1369 1667 vestre
1381 1617 1447 1666 nos
1464 1618 1547 1667 oum
1565 1591 1736 1667 consensu
1754 1607 1792 1667 et

445 1705 580 1782 assensu
593 1708 712 1783 Dauid
725 1708 882 1781 Browne
898 1717 938 1780 et
949 1707 1127 1779 Jobsnnis
1142 1705 1297 1777 Browne
1315 1707 1468 1778 fratrum
1484 1704 1647 1802 prediste
1662 1707 1792 1778 Emme

446 1831 485 1891 et
498 1821 651 1894 liliorum
663 1820 844 1915 quondam
858 1820 994 1891 domini
1007 1817 1032 1890 J
1035 1819 1187 1890 obonnis
1202 1816 1359 1891 Browne
1371 1817 1499 1892 militis
1516 1841 1588 1891 non
1604 1821 1638 1891 vi
1652 1821 1792 1892 coustos

447 1932 536 2004 dolo.
548 1957 613 2006 neo
624 1933 749 2006 fraude
765 1931 931 2003 induitos
945 1927 1007 2002 sed
1025 1955 1088 2025 pro
1103 1927 1224 2002 nostra
1240 1931 1404 2002 euidenti
1419 1930 1579 2003 utilitate
1594 1941 1794 2004 commotos

446 2040 645 2116 conoeffisl'e
661 2067 703 2114 nc
725 2039 860 2135 precise
876 2039 1073 2114 vendidisse
1098 2065 1240 2115 necnon
1266 2043 1414 2114 omnino
1431 2051 1471 2114 et
1486 2044 1754 2138 imperpetuum
1773 2067 1794 2114 n

446 2155 548 2232 nobis
564 2165 603 2226 et
619 2153 810 2226 heredibus
836 2149 966 2226 nostris
992 2165 1031 2228 et
1057 2151 1186 2227 nostris
1210 2149 1396 2248 ollignatis
1413 2156 1538 2248 quiete
1563 2151 1728 2228 clamasse
1754 2165 1794 2227 et

445 2266 512 2339 boo
536 2262 689 2361 presenti
716 2274 817 2336 carto
841 2262 961 2338 nostra
986 2263 1209 2338 confirmasse
1227 2263 1421 2337 Willelmo
1440 2266 1486 2338 de
1504 2266 1599 2338 heth
1626 2265 1792 2363 burgensi
1835 2264 1841 2282 “

445 2377 491 2449 de
506 2377 680 2448 Aberden
695 2377 767 2448 tris
783 2377 899 2448 orosto
916 2388 956 2449 et
973 2378 1063 2449 duos
1088 2377 1251 2449 redditus
1276 2377 1450 2450 annuales
1471 2377 1565 2450 infre
1581 2379 1736 2475 burgum
1754 2393 1792 2452 et

443 2486 645 2560 libertatem
671 2487 776 2582 burgi
795 2488 841 2560 de
857 2488 1034 2562 Aberden
1061 2492 1247 2562 iacentes·
1267 2487 1499 2582 Quequidem
1526 2489 1641 2562 orofte
1657 2491 1794 2562 otred-

442 2599 540 2672 ditus
555 2597 728 2672 annuales
744 2621 792 2671 ex
809 2595 932 2671 nostro
952 2623 1052 2673 mero
1070 2595 1266 2692 conquestu
1283 2597 1442 2671 oDauid
1460 2597 1615 2671 Browne
1632 2600 1792 2694 preditto

442 2711 709 2803 procurauimus
725 2733 880 2804 quorum
895 2734 1009 2783 vnum
1028 2713 1190 2784 dedistis
1208 2709 1331 2782 orostis
1349 2711 1444 2783 ioeet
1459 2711 1553 2783 inire
1572 2713 1790 2782 territorium

440 2821 635 2893 oroitorum
651 2823 698 2896 nd
715 2820 828 2896 linem
847 2823 917 2896 viri
942 2824 1125 2897 inronrum
1150 2825 1257 2895 inter
1270 2831 1406 2896 terrem
1424 2823 1606 2918 qnondam
1624 2822 1790 2896 Duneani

441 2930 503 3024 filij
521 2931 674 3005 Galfridi
692 2931 816 3007 versus
841 2935 1010 3007 ooeidens
1027 2959 1074 3007 ex
1092 2945 1283 3030 porterus
1301 2944 1340 3006 et
1357 2935 1453 3007 viem
1478 2937 1612 3031 regiam
1630 2958 1702 3029 que
1718 2937 1791 3007 itur

439 3067 461 3114 n
488 3043 599 3139 burgo
629 3046 674 3118 de
699 3046 875 3119 Aberden
902 3043 1023 3119 versus
1053 3049 1178 3118 domos
1206 3043 1425 3140 leprosorum
1452 3044 1572 3120 versus
1599 3049 1717 3120 oriens
1743 3070 1790 3120 ex

438 3154 557 3227 ultera
576 3197 584 3213 ·
602 3157 698 3229 aliud
712 3157 868 3230 troitum
887 3159 982 3230 iaoet
998 3158 1095 3230 inter
1110 3161 1203 3230 vium
1219 3181 1291 3250 qun
1307 3160 1382 3230 itur
1394 3182 1418 3232 n
1429 3159 1595 3230 domibus
1612 3158 1789 3230 ditiorum

439 3265 654 3361 leprosorum
680 3265 802 3340 versus
828 3267 864 3340 le
889 3265 1071 3342 Stok’otis
1105 3269 1227 3342 versus
1256 3264 1419 3342 austrum
1445 3293 1493 3343 ex
1522 3279 1626 3364 porte
1651 3293 1721 3342 vno
1750 3285 1789 3342 et

440 3391 600 3451 montem
613 3381 673 3473 qui
687 3380 821 3452 dieitur
832 3380 867 3453 le
879 3378 1116 3476 Spytelbylle
1129 3379 1249 3454 versus
1267 3381 1413 3454 boream
1427 3404 1473 3454 ex
1487 3381 1602 3454 altero
1614 3420 1623 3438 ·
1637 3383 1787 3454 tertium

440 3513 524 3562 vero
540 3492 694 3563 crossum
717 3492 812 3564 ieoet
837 3492 932 3564 inire
956 3495 1185 3567 territorium
1211 3494 1408 3566 oroitorum
1426 3494 1472 3566 de
1490 3492 1587 3587 Futy
1602 3494 1699 3564 inter
1717 3503 1788 3565 ter-

438 3625 514 3674 rum
533 3602 720 3697 Laurenoij
743 3602 809 3697 filij
833 3603 957 3677 Douid
975 3601 1101 3678 versus
1128 3606 1273 3677 boream
1300 3629 1347 3676 ex
1374 3615 1478 3700 porte
1496 3627 1567 3676 vno
1590 3614 1629 3676 et
1656 3614 1787 3677 terrum

440 3713 605 3788 Duneani
623 3714 817 3811 Margreue
835 3715 956 3789 versus
972 3713 1052 3789 eust
1059 3740 1139 3788 rum
1157 3739 1204 3788 ex
1221 3715 1337 3790 alters
1353 3753 1362 3772 ·
1380 3729 1420 3789 et
1437 3737 1528 3787 vnus
1551 3739 1692 3787 annuus
1710 3717 1789 3788 red·

437 3826 559 3898 ‹iituus
575 3825 636 3898 sex
653 3825 845 3900 solidorum
864 3838 904 3900 et
920 3825 1002 3901 οᾶο
1032 3827 1261 3900 denariorum
1279 3823 1532 3934 sterlingorum
1551 3827 1644 3898 iacet
1666 3828 1703 3897 in
1726 3827 1788 3899 ille

439 3949 535 4010 terra
550 3961 632 4010 oum
649 3941 881 4034 pertinentiis
897 3961 1007 4033 quom
1025 3947 1132 4012 tenet
1149 3937 1371 4012 Lourencins
1388 3939 1485 4010 iilius
1503 3936 1623 4009 Dauid
1644 3939 1786 4010 incente

437 4049 474 4118 in
492 4049 570 4120 rioo
587 4050 632 4122 de
649 4048 745 4144 Futy
763 4052 860 4123 inter
878 4063 1015 4124 terrem
1040 4049 1191 4143 proditu
1221 4050 1410 4143 Laurenoij
1429 4046 1550 4122 versus
1576 4049 1720 4120 boream
1738 4072 1784 4120 ex

438 4171 539 4253 perte
555 4182 624 4234 rnn
641 4171 680 4232 et
696 4175 832 4234 terram
850 4161 1020 4235 Duncnni
1046 4159 1241 4256 Murgreue
1258 4157 1378 4234 versus
1403 4157 1564 4234 austrum
1581 4183 1629 4233 ex
1644 4159 1759 4234 ultera
1776 4203 1784 4220 ·

436 4269 528 4342 elius
540 4292 624 4344 vero
642 4294 784 4346 nnnuus
801 4273 967 4346 redditus
985 4283 1140 4367 quotuor
1155 4269 1348 4345 solidorum
1367 4271 1617 4369 sterlingorum
1636 4273 1731 4346 inest
1748 4276 1784 4346 in

436 4381 498 4455 illo
509 4392 606 4458 terro
616 4406 699 4456 oum
714 4385 952 4479 pertinentiis
969 4409 1076 4480 quom
1096 4397 1201 4458 tenet
1212 4385 1333 4457 Adam
1349 4386 1394 4458 de
1409 4379 1572 4457 Ledlruss
1589 4383 1730 4456 iacente
1747 4389 1783 4458 in

436 4497 515 4567 vico
532 4495 577 4569 de
595 4495 690 4590 Futy
707 4495 805 4569 inter
826 4507 961 4570 terram
983 4496 1130 4571 obbatis
1152 4496 1199 4569 de
1216 4495 1393 4569 londoris
1410 4491 1531 4570 versus
1555 4489 1714 4568 oustmm
1740 4521 1784 4570 ex

437 4619 537 4700 purte
557 4631 627 4681 vns
653 4620 692 4681 et
718 4615 853 4681 terram
881 4609 1031 4701 prodisti
1057 4610 1142 4682 Ade
1168 4603 1289 4681 versus
1314 4607 1460 4683 boreum
1488 4628 1536 4680 ex
1558 4606 1673 4680 altero
1691 4645 1702 4663 ·
1722 4632 1786 4703 pro
