4526 5954
461 725 562 821 xvc]
927 734 1331 814 seuuoouuusu.
1731 752 1804 834 ρετ

461 928 567 999 maok
584 889 839 1007 in'feudifirma
857 959 879 1006 v
896 936 958 1010 lib.
976 939 1010 1032 vj
1025 941 1054 1011 ἔ.
1068 937 1128 1034 viij
1148 937 1183 1011 d.
1231 937 1282 1010 Et
1299 939 1345 1010 de
1361 935 1548 1030 posteriori
1565 933 1674 1010 domo
1691 963 1800 1015 occu-

459 1049 544 1129 pata
560 1062 624 1133 per
639 1040 886 1120 succentorem
903 1048 1200 1123 Aberdonensem
1217 1048 1241 1144 ij
1257 1052 1287 1121 ἓ.

555 1265 662 1342 Missa
689 1294 754 1366 pro
778 1273 898 1345 anima
922 1268 1081 1366 magistri
1098 1271 1247 1342 Andree
1272 1268 1419 1363 Kyntor
1443 1279 1502 1342 ter
1526 1272 1566 1342 in
1590 1273 1793 1348 ebdomada

552 1380 766 1456 celebranda
781 1381 952 1454 videlicet
968 1383 1078 1453 tertia
1090 1383 1217 1472 quinta
1233 1379 1332 1476 serijs
1349 1392 1388 1453 et
1405 1379 1553 1455 sabbato
1572 1427 1581 1444 ·

503 1489 560 1565 De
577 1502 787 1567 tenemento
798 1493 934 1565 domini
946 1490 1098 1563 Dauidie
1114 1491 1250 1588 Hnrwy
1262 1495 1299 1564 in
1319 1491 1436 1587 llutye
1453 1497 1597 1567 iacente
1614 1495 1653 1567 xl
1671 1500 1702 1570 ἔ.
1738 1497 1789 1570 Et

453 1603 498 1675 de
515 1615 610 1678 terra
627 1607 779 1678 Roberti
796 1603 895 1697 Gray
907 1604 945 1673 in
957 1624 1052 1673 nouo
1069 1605 1200 1696 oppido
1217 1600 1467 1678 Aberdonensr
1480 1608 1519 1678 iu
1532 1608 1614 1679 vico
1626 1609 1789 1683 inferiori

451 1714 606 1791 eiusdem
623 1718 744 1814 oppidi
762 1737 813 1786 xx
828 1715 858 1785 ἔ.

547 1885 655 2016 lisiila
666 1941 764 2012 omni
774 1947 903 2032 quarta
914 1936 1005 2011 seria
1014 1939 1060 2010 de
1072 1933 1310 2032 compassione
1322 1937 1408 2010 diue
1426 1939 1575 2033 virginis
1587 1962 1652 2034 pro
1669 1937 1785 2013 salute

544 2057 663 2128 anime
687 2045 845 2144 magistri
861 2048 1063 2122 Alexandri
1080 2047 1167 2142 Kyd
1185 2047 1403 2122 succentoris
1421 2041 1719 2126 Aberdoneniis·

495 2165 553 2238 De
577 2169 788 2238 tenemento
812 2159 873 2232 seu
899 2157 1082 2234 mansione
1107 2160 1265 2234 eiusdem
1291 2163 1385 2234 infra
1409 2163 1598 2236 ciuitatem
1616 2162 1784 2238 Aberdo-

449 2275 595 2350 nensem
611 2299 633 2347 e
649 2273 797 2369 regione
813 2275 928 2346 crucis
946 2273 1067 2346 foralis
1084 2295 1160 2344 xxx
1179 2297 1206 2346 e.

540 2493 649 2570 Missa
672 2497 881 2589 quotidiana
912 2520 977 2590 pro
1002 2497 1123 2569 anima
1146 2497 1329 2589 quondam
1354 2501 1543 2572 reuerendi
1569 2501 1608 2572 in
1635 2499 1780 2574 Christo

538 2611 649 2706 patrie
666 2632 708 2681 ao
724 2608 860 2679 domini
878 2608 1013 2680 domiui
1026 2608 1170 2682 Gawini
1182 2605 1451 2681 liberdunensis
1468 2607 1624 2704 episcopi
1637 2635 1680 2684 ac
1693 2636 1778 2685 cum

537 2717 638 2795 missa
665 2721 762 2792 omni
779 2717 935 2792 secunda
952 2721 1041 2793 feria
1056 2721 1103 2793 de
1120 2723 1242 2812 requie
1259 2721 1452 2794 decantata
1467 2745 1551 2794 curn
1570 2723 1722 2796 diacono
1740 2737 1779 2799 et

535 2833 751 2908 subdiacono
782 2843 821 2906 et
849 2833 1026 2905 maiorum
1060 2855 1314 2927 componerem
1347 2831 1548 2926 pulsatione
1580 2873 1589 2892 ·
1616 2834 1776 2910 Necnon

534 2942 817 3020 anniuersarium
841 2967 906 3039 pro
937 2945 1058 3016 anima
1083 2941 1240 3016 ciusdem
1267 2945 1524 3018 celebrandum
1541 2969 1607 3041 per
1624 2950 1776 3022 vicarios

535 3060 633 3132 chori
650 3057 813 3152 quolibet
831 3079 925 3130 anno
942 3058 981 3129 in
998 3051 1151 3129 crastino
1168 3059 1242 3129 diui
1269 3057 1448 3131 columbe
1468 3055 1673 3134 confessoris
1690 3085 1773 3134 cum

533 3166 634 3243 milla
649 3179 690 3241 rt
706 3171 815 3241 moris
828 3166 882 3241 est
899 3171 1092 3241 decantata
1104 3191 1187 3240 cum
1204 3167 1368 3264 exequijs
1378 3180 1604 3242 mortuorum
1617 3193 1773 3246 vnacum

532 3283 681 3379 priuatis
708 3276 820 3352 millia
848 3282 894 3353 ab
927 3281 1096 3352 omnibus
1125 3277 1268 3376 vicarijs
1300 3279 1525 3354 celebrandis
1549 3295 1660 3377 prout
1690 3283 1772 3360 Deo

529 3397 687 3468 maximo
713 3403 752 3464 et
776 3395 914 3488 optimo
939 3389 1153 3486 respondere
1173 3393 1356 3465 voluerint
1385 3393 1422 3464 in
1449 3395 1509 3465 die
1534 3396 1657 3490 iudicij
1676 3397 1771 3472 vitra

530 3507 619 3580 illud
636 3502 917 3578 anniuersarium
935 3503 1030 3599 quod
1047 3503 1252 3577 celebratur
1267 3505 1307 3576 in
1323 3504 1383 3576 die
1399 3505 1521 3577 obitus
1537 3508 1697 3582 eiusdem
1718 3551 1726 3566 ·

480 3619 551 3693 Pro
568 3617 697 3712 quibus
721 3613 869 3712 sauguiis
899 3615 1124 3710 perficiendis
1146 3616 1307 3710 prefatus
1330 3618 1550 3689 reuerendus
1576 3631 1682 3714 pater
1703 3645 1769 3717 per

430 3742 640 3805 executores
678 3726 757 3800 suos
791 3726 994 3802 mansiones
1031 3728 1206 3800 dittorum
1242 3729 1456 3800 vicariorum
1489 3753 1512 3802 a
1545 3729 1659 3804 fundo
1697 3731 1769 3806 suia

430 3843 628 3936 sumptibus
650 3840 807 3914 edificari
834 3835 931 3913 iuffit
958 3849 999 3911 rt
1021 3840 1247 3912 intuentibus
1266 3841 1382 3931 poteri
1405 3837 1523 3934 potest
1545 3855 1585 3915 et
1607 3867 1666 3917 res
1691 3845 1766 3942 ipsa

428 3951 646 4029 demonstrat
665 3995 673 4013 ·

523 4174 630 4250 Mille
654 4177 864 4271 quotidiana
888 4199 952 4271 pro
976 4173 1091 4249 saluta
1120 4179 1239 4251 anime
1269 4178 1484 4250 venerabilia
1509 4181 1576 4252 riri
1601 4179 1760 4278 magistri

521 4289 720 4364 Alexandri
746 4287 925 4384 Gallouay
941 4290 1087 4363 rasoris
1110 4311 1134 4362 a
1157 4287 1320 4385 Kynkell
1346 4289 1562 4364 celebranda
1585 4290 1674 4366 bora
1695 4317 1762 4366 no-

520 4426 615 4476 nena
646 4411 733 4475 ante
765 4402 953 4474 meridiem
984 4423 1067 4475 cum
1100 4399 1288 4474 duodecim
1327 4403 1470 4474 tinnitis
1503 4398 1565 4474 seu
1597 4401 1761 4498 pultibus

520 4515 665 4587 maioris
696 4535 870 4607 campane
902 4515 947 4586 ad
981 4513 1095 4586 altare
1125 4514 1200 4586 diui
1235 4512 1427 4586 Michaelis
1460 4513 1667 4612 archangeli
1693 4540 1760 4612 per

520 4627 677 4700 eundem
692 4619 934 4698 construttum
951 4649 1035 4700 cum
1052 4626 1191 4700 duobus
1208 4622 1456 4720 anniuersarijs
1471 4647 1626 4720 qnorum
1644 4651 1756 4702 vnum
