4526 5954
480 761 582 878 avr]
950 766 1354 844 annnoounusn.
1750 781 1821 847 aaa

478 963 636 1035 maium·
658 965 736 1063 Ego
754 967 924 1042 domiuus
942 970 1079 1044 faciens
1096 973 1218 1044 omnin
1242 972 1308 1043 hec
1334 1012 1343 1028 ·
1371 969 1507 1041 Rorate
1524 969 1594 1040 celi
1613 969 1764 1065 desuper
1781 986 1820 1045 et

476 1076 591 1148 nubes
619 1078 747 1172 pluant
767 1078 904 1154 iustum
933 1128 942 1144 ·
969 1081 1168 1176 Aperiatnr
1191 1092 1287 1154 terra
1320 1090 1358 1152 et
1391 1081 1571 1176 germinet
1600 1076 1817 1156 saluatorem

476 1201 515 1261 et
532 1186 671 1264 iusticia
686 1194 825 1267 oriatur
841 1189 946 1268 simul
961 1239 969 1253 ·
987 1195 1067 1290 Ego
1084 1195 1249 1266 dominus
1267 1193 1384 1264 creaui
1406 1214 1492 1262 eum

472 2086 617 2160 lauccio
634 2102 784 2164 curura
803 2124 811 2142 ·
831 2121 866 2143 ··
887 2079 1063 2154 Sannaro
1081 2101 1171 2154 rosr
1182 2081 1486 2155 Parraccosrrr
1503 2081 1589 2156 ·An
1604 2082 1811 2158 Heracus.

520 2312 665 2384 Fratres
682 2344 691 2363 ·
707 2303 998 2379 Tabcmaculnm
1015 2306 1149 2378 sactum
1168 2300 1221 2377 est
1244 2308 1400 2401 primum
1418 2309 1456 2379 in
1472 2319 1664 2403 quoerant
1681 2309 1811 2382 candr-

471 2425 570 2498 labra
586 2432 626 2494 et
642 2414 765 2491 menso
782 2426 822 2490 et
838 2413 1034 2512 propositio
1050 2439 1185 2512 panum
1196 2418 1291 2510 quod
1309 2419 1442 2491 dicitur
1452 2417 1572 2493 saner
1588 2417 1697 2491 ·Post
1714 2421 1811 2493 vela-

469 2547 635 2610 mentum
652 2540 777 2604 autem
787 2528 988 2603 secundum
1000 2529 1274 2603 tabernaculum
1285 2531 1381 2622 quod
1397 2531 1529 2603 dicitur
1540 2529 1660 2605 unua
1673 2529 1813 2606 sancu-

468 2670 550 2720 rum
565 2643 703 2717 habens
720 2665 871 2715 aureum
888 2641 1115 2714 thuribulum
1129 2651 1168 2714 et
1184 2663 1302 2714 arcam
1315 2637 1522 2715 testamenti
1539 2644 1809 2717 circumteitam

469 2782 516 2831 ex
533 2757 631 2828 omni
649 2765 752 2849 parte
769 2776 858 2826 auro
876 2755 914 2824 in
932 2775 1005 2846 qua
1027 2763 1105 2825 crat
1122 2777 1210 2826 vrna
1226 2776 1335 2826 nureo
1350 2755 1487 2826 habens
1504 2778 1637 2828 manna
1653 2766 1692 2828 et
1709 2757 1809 2852 virga

467 2874 593 2945 Aaron
610 2891 682 2962 que
698 2867 912 2939 fronduerat
928 2875 968 2939 et
987 2864 1114 2938 tabule
1129 2862 1336 2939 testamenti
1354 2864 1460 2962 super
1475 2889 1547 2961 que
1562 2878 1667 2941 erant
1683 2868 1810 2941 cheru-

467 2986 530 3056 bin
555 2983 670 3079 glorie
694 2979 955 3052 obumbranoio
979 2979 1271 3072 propiciatorium
1297 2978 1342 3050 de
1367 2979 1497 3071 quibua
1521 3002 1594 3051 non
1620 2977 1673 3052 est
1701 2984 1808 3054 modo

466 3095 660 3169 dicendum
685 3115 751 3188 per
767 3086 933 3187 singula·
959 3088 1031 3162 His
1056 3111 1140 3162 vero
1166 3093 1218 3163 ita
1241 3087 1447 3185 compositis
1471 3093 1509 3163 iu
1534 3094 1642 3187 priori
1661 3095 1805 3186 quidem

467 3205 700 3281 tabernaculo
717 3201 860 3298 semper
875 3201 1076 3274 introibant
1094 3201 1295 3275 sacerdotes
1321 3199 1573 3276 sacrificiorum
1590 3203 1708 3278 officia
1723 3230 1808 3279 con·

468 3313 1071 3392 summmces·1nsecundoautem
1084 3310 1194 3387 semei
1207 3312 1455 3388 inannosolus
1470 3317 1634 3409 pontifex
1646 3341 1719 3391 non
1732 3314 1807 3392 sine

466 3430 638 3528 sangrum
654 3450 762 3523 quem
781 3425 929 3500 offerret
945 3449 1010 3520 pro
1034 3422 1098 3500 sna
1121 3437 1160 3499 et
1177 3427 1299 3523 populi
1317 3429 1546 3523 ignorantia·
1568 3426 1651 3502 Hoc
1676 3425 1807 3526 signiti-

466 3557 575 3618 cante
591 3535 731 3638 Spiritu
745 3539 882 3613 Sancto
899 3538 1062 3611 nondum
1079 3537 1255 3634 prolatam
1273 3533 1344 3611 effe
1360 3537 1561 3612 sanctorum
1575 3543 1671 3614 viam
1688 3544 1806 3618 adhuc

465 3656 575 3752 priori
590 3645 826 3728 tabernaculo
842 3651 1003 3724 habente
1027 3646 1161 3723 statum
1178 3689 1188 3708 ·
1206 3646 1288 3733 Que
1308 3651 1476 3745 parabola
1493 3651 1547 3724 est
1562 3657 1737 3750 temporis
1753 3657 1809 3728 in·

464 3764 593 3842 stantis
615 3767 722 3839 iuxta
738 3786 848 3860 qnam
873 3785 1028 3836 munera
1043 3773 1083 3836 et
1107 3758 1221 3834 hostie
1245 3761 1447 3835 offeruntur
1470 3787 1540 3858 que
1565 3789 1638 3838 uon
1664 3763 1808 3861 possunt

465 3882 571 3953 iuxta
586 3877 842 3952 conscientiam
867 3875 1066 3972 perfectum
1091 3874 1211 3948 facere
1235 3871 1478 3948 seruientem·
1505 3875 1743 3952 Solummodo
1768 3883 1806 3953 in

465 3991 556 4066 cibis
572 3998 612 4064 et
623 3990 773 4086 'potibuc
790 3998 831 4062 et
855 3987 963 4082 varijr
979 3986 1255 4084 baptismatibus
1271 3999 1310 4060 et
1326 3985 1474 4084 iusticija
1499 3992 1615 4063 carnia
1632 3989 1742 4088 osque
1758 3995 1803 4067 ad

465 4113 610 4198 tempor
626 4100 859 4185 comestionis
867 4095 1064 4196 impositis·
1082 4093 1246 4173 Christue
1257 4107 1381 4173 autem
1395 4096 1556 4176 assistens
1565 4105 1730 4198 pontifex
1748 4106 1806 4177 su·

464 4223 628 4288 tororum
637 4211 815 4285 bonorum
826 4211 1047 4309 peramplius
1057 4221 1097 4286 et
1106 4211 1297 4308 perfectius
1309 4213 1583 4288 tabernaculum
1593 4239 1668 4288 non
1677 4238 1806 4290 mauu·

464 4325 599 4401 ntum
612 4324 651 4398 id
667 4319 813 4400 estnon
829 4324 939 4398 huius
954 4325 1148 4398 creationis
1163 4346 1282 4419 neque
1305 4348 1371 4420 per
1386 4322 1595 4423 sanguinem
1611 4328 1803 4424 hyrcorum

464 4445 533 4528 cut
560 4435 760 4511 vitulorum
789 4431 852 4511 sed
877 4459 945 4534 per
973 4439 1159 4535 proprium
1187 4433 1396 4532 sanguinem
1423 4437 1590 4511 introiuit
1618 4435 1730 4514 semei
1764 4442 1802 4514 in

302 4653 309 4666 .
462 4547 586 4625 mea
599 4555 727 4624 eterna
741 4548 997 4646 redemptione
1017 4551 1169 4626 inuenta
1184 4590 1193 4611 ·
