4612 5964
458 703 527 768 114
970 690 1274 766 REGISTRUM
1636 694 1789 790 [secum

457 897 553 969 Item
570 897 717 968 domino
736 895 896 968 Roberto
915 890 1077 988 Douglos
1165 943 1172 959 .
1275 945 1282 958 .
1384 944 1392 958 .
1522 893 1608 985 xxvj
1628 919 1656 964 s.
1676 895 1736 987 viij
1755 889 1792 964 d.

457 1007 554 1082 Item
571 1005 741 1104 magistro
758 1008 918 1080 Johauni
935 1004 1105 1078 Cbclmer
1170 1056 1177 1072 .
1279 1055 1286 1070 .
1388 1054 1396 1068 .
1523 1004 1609 1095 xxvj
1629 1029 1656 1074 s.
1677 1006 1738 1098 viij
1756 1001 1792 1076 d.

458 1120 553 1194 Item
571 1122 717 1193 domino
734 1120 892 1192 Johanni
911 1114 1100 1211 Molysonc
1163 1169 1171 1186 .
1274 1169 1281 1182 .
1382 1167 1389 1182 .
1493 1168 1500 1182 .
1603 1167 1610 1180 .
1695 1139 1745 1186 xx
1763 1117 1792 1186 ἓ.

457 1231 554 1304 Item
572 1231 717 1304 domino
737 1231 937 1302 Wiibelmo
954 1226 1155 1302 Titomsone
1274 1281 1281 1296 .
1385 1281 1391 1294 .
1494 1280 1501 1294 .
1604 1281 1612 1294 .
1693 1249 1744 1298 xx
1762 1229 1791 1298 ἓ.

457 1343 554 1416 Item
571 1345 718 1415 domino
734 1342 873 1415 Jacobo
890 1341 1087 1414 Swentone
1162 1393 1170 1410 .
1274 1393 1282 1409 .
1384 1393 1391 1406 .
1494 1391 1501 1406 .
1605 1393 1612 1406 .
1694 1361 1744 1410 xx
1762 1340 1791 1410 ἔ.

839 1453 991 1527 Summa
1006 1454 1069 1547 xiij
1088 1452 1151 1524 lib.
1169 1453 1232 1545 xiij
1251 1455 1279 1524 ἓ.
1299 1451 1348 1543 iiij
1366 1446 1401 1519 d.

922 1673 972 1747 Et
988 1672 1037 1746 src
1053 1671 1190 1746 restant
1207 1674 1245 1768 iij
1264 1673 1325 1746 lib.

458 1791 514 1862 Dc
531 1814 602 1884 qua
617 1790 757 1862 summa
773 1788 913 1858 duobus
929 1783 1081 1858 sacristis
1157 1838 1606 1858 .....
1659 1807 1709 1856 xx
1729 1785 1790 1856 lib.

457 1901 551 1972 Item
569 1899 629 1972 sex
647 1901 767 1992 pueris
784 1899 881 1969 ebori
900 1919 982 1968 eum
1000 1918 1124 1966 eorum
1141 1897 1323 1969 habitibus
1340 1899 1444 1968 iuxta
1460 1892 1602 1967 institu-

505 2014 641 2084 tionem
666 2011 801 2082 domini
825 2003 934 2079 nostri
966 2004 1121 2100 episcopi
1148 2008 1297 2079 cuilibet
1322 2031 1445 2080 eorum
1472 2009 1506 2101 vj
1539 2007 1600 2080 lib.

504 2122 656 2194 Summa
716 2171 1494 2192 ........
1599 2121 1710 2214 xxxvj
1730 2119 1790 2192 lib.

455 2233 503 2305 Et
532 2231 579 2306 src
604 2233 928 2328 superexpenditur
949 2269 1100 2288 ·····
1127 2232 1177 2322 iiij
1204 2229 1294 2301 libre
1319 2229 1489 2304 soluendo
1515 2235 1561 2304 de
1586 2235 1791 2304 communia

503 2346 652 2441 capituli
671 2347 785 2417 donec
802 2343 909 2416 aliter
926 2344 1034 2414 suerit
1053 2341 1230 2437 prouisum
1250 2380 1259 2397 ·

455 2569 734 2642 Memoraadum
756 2567 852 2662 quod
878 2561 1047 2662 magister
1071 2564 1249 2660 Georgius
1266 2563 1396 2660 gerrig
1420 2567 1479 2660 qui
1509 2589 1606 2640 nunc
1632 2565 1789 2640 deseruit

454 2679 556 2754 stallo
576 2684 722 2754 rebaris
748 2681 792 2752 dc
818 2677 981 2772 Kyrrkeil
1007 2679 1190 2772 percipere
1215 2679 1321 2750 babet
1350 2680 1395 2750 de
1421 2681 1547 2751 eodem
1575 2679 1678 2754 stolio
1697 2678 1790 2752 sum·

451 2815 547 2865 mam
569 2795 698 2890 viginti
721 2813 921 2864 marearum
947 2801 1090 2864 tantum
1117 2827 1126 2846 ·
1153 2789 1203 2862 Et
1227 2785 1274 2864 sic
1301 2786 1435 2863 restant
1460 2793 1507 2864 de
1532 2793 1660 2864 eodem
1687 2791 1790 2866 italio

451 2915 606 2998 quatuor
639 2927 758 2976 marce
784 2900 883 2974 saluo
909 2898 1000 2974 iusto
1034 2901 1173 2974 calculo
1199 2898 1442 2976 distribuendo
1467 2903 1512 2974 ad
1538 2903 1788 2976 discretionem

452 3015 585 3087 domiui
605 3027 643 3086 et
662 3014 715 3086 sui
733 3013 881 3107 capituli
899 3051 907 3066 ·

455 3236 603 3334 insuper
627 3239 743 3308 didius
770 3237 988 3308 reuerendus
1003 3247 1116 3329 pater
1142 3237 1186 3309 de
1211 3233 1380 3330 expressis
1407 3237 1578 3311 consensu
1598 3252 1634 3311 et
1653 3236 1788 3312 assensu

451 3351 537 3422 disti
567 3349 618 3421 sui
649 3347 797 3442 capituli
833 3343 1023 3442 assiguauit
1057 3347 1103 3418 de
1138 3349 1308 3419 fructibus
1342 3351 1473 3421 vicarie
1507 3348 1656 3422 ecclesie
1691 3353 1787 3424 beati

453 3461 620 3534 Nicboiai
639 3463 685 3532 de
703 3461 889 3531 Abirdene
917 3460 1090 3531 iirmmam
1117 3456 1177 3531 sex
1205 3459 1373 3530 librarum
1391 3465 1577 3532 annuatim
1597 3463 1787 3538 leuandam

450 3587 488 3644 et
519 3574 784 3668 percipiendam
819 3572 863 3644 ad
895 3566 1190 3642 sustentationem
1225 3572 1399 3642 ditiorum
1430 3570 1489 3644 sex
1527 3596 1719 3666 puerorum
1750 3591 1786 3647 et

451 3709 573 3758 eorum
609 3686 797 3757 habituum
835 3699 941 3778 prout
976 3684 1124 3755 inserius
1152 3680 1312 3776 sequitur
1340 3696 1376 3754 et
1408 3685 1502 3778 quod
1539 3682 1692 3779 desuper
1725 3687 1787 3760 sict

450 3797 620 3894 scriptum
647 3799 872 3868 autenticum
891 3799 927 3867 in
946 3795 1091 3891 publica
1116 3797 1230 3866 forma
1252 3791 1316 3864 sub
1344 3795 1405 3866 siro
1429 3791 1544 3890 sigilio
1571 3799 1726 3868 rotundo
1749 3813 1786 3871 et

452 3909 565 4006 sigillo
583 3911 767 3981 communi
785 3908 933 4002 capituli
953 3911 988 3980 iu
1009 3908 1170 3979 uberiore
1188 3907 1322 3978 samaa·

453 4135 547 4206 ltem
566 4134 611 4205 do
628 4131 689 4204 sex
709 4133 829 4225 pueris
846 4131 1036 4205 antedictis
1061 4127 1235 4202 statutum
1254 4143 1292 4200 et
1309 4129 1512 4204 ordinatum
1532 4131 1584 4204 esi
1603 4135 1698 4227 quod
1718 4133 1784 4208 sint

450 4247 567 4318 induti
586 4246 680 4340 togis
698 4241 871 4316 talaribus
885 4241 995 4336 biauij
1010 4241 1045 4337 1)·
1057 4241 1152 4313 bico·
1164 4240 1293 4314 coioris
1310 4255 1349 4314 et
1366 4238 1624 4339 superpelliciis
1642 4249 1786 4321 mundis

449 4381 561 4452 quum
592 4351 662 4426 sint
692 4356 728 4426 iu
757 4353 866 4426 cboro
892 4376 974 4424 cum
1002 4355 1181 4448 capitibus
1208 4349 1319 4426 tonsis
1341 4351 1451 4426 instar
1474 4355 1717 4452 religiosorum
1748 4373 1786 4433 et

450 4468 682 4552 compareant
699 4457 736 4526 in
753 4452 825 4524 suia
848 4451 1031 4525 habitibus
1049 4454 1086 4525 in
1104 4454 1177 4527 fine
1201 4449 1345 4526 secundi
1372 4452 1493 4548 puliirs
1518 4458 1562 4528 ad
1589 4461 1787 4532 matutinas

450 4565 666 4641 autentum
683 4567 768 4639 diuo
786 4565 933 4660 virginio
953 4561 1072 4638 Marie
1088 4589 1134 4640 ex
1152 4577 1255 4662 parte
1270 4563 1414 4638 australi
1431 4565 1582 4640 coeleste
1595 4581 1631 4641 et
1652 4571 1783 4642 ibidem
