4526 5954
446 731 546 826 xva]
916 730 1320 805 nonnnonuuss.
1718 743 1785 807 aar

652 1046 955 1120 Annum-:usnam
974 1065 1111 1118 nsusrs
1129 1043 1356 1116 Dncsnaars
1375 1059 1574 1112 susurra·

493 1269 647 1343 Decimo
674 1275 786 1344 tertio
821 1269 1038 1344 Decembris
1070 1261 1353 1338 anniuersarium
1381 1287 1444 1358 pro
1474 1268 1593 1338 anima
1629 1263 1786 1362 magistri

443 1382 592 1456 Andros
610 1383 715 1479 Lyell
742 1383 829 1456 olim
855 1376 1065 1470 thesaurarij
1083 1371 1344 1448 Abirdonenfis
1369 1378 1432 1471 xiij
1450 1380 1479 1450 ἔ.
1497 1379 1547 1471 iiij
1566 1375 1601 1450 d.
1616 1380 1662 1451 de
1680 1381 1787 1452 certis

443 1499 547 1568 terris
573 1509 613 1569 et
639 1498 740 1570 rudis
769 1491 973 1568 iacentibus
1003 1491 1040 1559 in
1072 1487 1245 1558 Enrowrc
1271 1527 1279 1544 ·
1305 1489 1366 1582 qui
1396 1489 1487 1582 obijt
1516 1515 1611 1562 anno
1638 1491 1784 1563 Domini

443 1629 584 1682 u.n.111.

492 1721 662 1794 Vnacum
689 1712 932 1791 anniuersario
958 1707 1117 1808 magistri
1144 1709 1282 1784 Thoure
1299 1711 1440 1784 Ednam
1464 1717 1526 1808 xiij
1553 1719 1583 1788 ἔ.
1609 1719 1659 1809 iiij
1686 1713 1721 1787 n.
1740 1717 1786 1788 de

441 1835 548 1904 domo
564 1831 737 1906 anteriori
756 1822 950 1900 mansionis
968 1823 1118 1896 declat
1144 1862 1153 1880 ·
1172 1825 1233 1916 qui
1251 1824 1342 1918 obijt
1360 1845 1433 1897 sm.
1452 1847 1683 1903 n.cccc.v111.

491 2056 645 2128 Decimo
671 2061 801 2146 quarto
829 2049 1045 2123 Decembris
1073 2052 1357 2125 anniuersarium
1382 2076 1448 2148 pro
1475 2057 1596 2126 anima
1624 2052 1783 2151 magistri

442 2167 593 2239 Henrioi
612 2163 806 2258 Lychtoun
828 2162 914 2234 olim
942 2161 1099 2258 episcopi
1124 2159 1385 2238 Abirdonenfis
1410 2167 1474 2261 xiij
1500 2170 1529 2240 ἓ.
1556 2166 1607 2262 iiij
1626 2166 1663 2240 u.
1685 2168 1784 2261 dely

440 2299 634 2351 commoun
661 2273 829 2347 nillbows
840 2297 925 2346 cum
943 2275 1059 2346 crofto
1083 2279 1225 2350 iacente
1242 2277 1336 2350 iufra
1351 2280 1539 2352 ciuitatem
1556 2280 1787 2353 Abirdoneu·

439 2387 514 2461 sem
532 2411 579 2460 ex
596 2399 701 2481 parte
718 2386 887 2460 orientali
905 2385 1064 2460 ciusdem
1083 2427 1092 2446 ·
1111 2389 1172 2480 qni
1191 2387 1283 2484 obijt
1299 2411 1395 2461 anno
1412 2389 1560 2463 Domini
1574 2411 1783 2463 succcuxn.

364 2523 370 2544 *
491 2500 663 2575 Vnscum
681 2497 925 2572 anniuersario
943 2501 1079 2572 domini
1099 2500 1280 2573 Willclmi
1308 2499 1524 2596 Monylawis
1547 2501 1609 2596 xiij
1629 2506 1659 2576 ἔ.
1678 2501 1728 2598 iiij
1748 2502 1783 2575 d.

440 2613 605 2687 detortis
622 2610 826 2684 Alexandri
853 2607 1060 2684 Howesoun
1088 2635 1184 2684 nunc
1209 2611 1353 2697 Valteri
1377 2610 1581 2684 Howesouu
1599 2611 1785 2709 burgensis

440 2727 486 2799 de
503 2724 669 2797 Abirden
687 2727 725 2796 in
745 2727 824 2797 vico
845 2725 1028 2796 furcmum
1044 2720 1288 2796 Abirdonenii
1307 2747 1353 2794 ex
1379 2737 1483 2818 parte
1501 2725 1666 2796 orientali
1693 2724 1786 2799 eius-

440 2840 523 2911 dem
539 2837 744 2909 iacentibus
761 2876 771 2895 ·
789 2847 830 2909 et
846 2836 885 2930 iij
904 2838 936 2909 ὅ.
959 2833 1010 2929 iiij
1029 2833 1066 2908 u.
1083 2835 1130 2907 dc
1155 2837 1264 2907 certis
1290 2836 1396 2908 terris
1413 2837 1450 2908 in
1469 2835 1640 2909 Enrowre
1666 2839 1786 2910 iacen-

440 2952 563 3024 tibus·
584 2951 646 3043 qui
664 2947 760 3044 obijt
776 2971 871 3022 anno
891 2947 1040 3020 Domini
1059 2968 1319 3020 mccccxcm.

489 3172 678 3271 Vigefimo
697 3173 912 3248 Decembris
928 3171 1210 3245 anniuersarium
1238 3196 1303 3266 pro
1319 3175 1507 3246 animabus
1524 3176 1685 3246 omnium
1706 3177 1786 3248 sun-

438 3291 606 3361 datorum
624 3283 828 3357 nostrorum
845 3310 888 3359 ac
900 3285 1130 3358 familiarium
1149 3285 1433 3378 cunctorumque
1451 3286 1610 3357 fidolium
1630 3311 1694 3381 pro
1705 3290 1784 3381 qni·

441 3403 507 3473 bus
524 3423 627 3471 orare
645 3413 815 3471 tenemur
832 3435 840 3453 ·
