4526 5954
461 766 569 862 x111.]
927 772 1335 851 ABERDONENSE.
1732 783 1800 856 271

462 964 638 1041 Similiter
653 964 681 1041 ii
696 971 827 1067 uliquis
845 975 1038 1048 hominum
1062 974 1208 1048 suorum
1225 970 1271 1044 sit
1292 973 1331 1042 in
1356 971 1613 1041 mercismento
1630 993 1716 1066 ergo
1738 997 1804 1046 nos

462 1075 519 1149 vel
536 1079 688 1155 bulliuos
703 1081 844 1160 nostros
866 1110 933 1183 pro
949 1109 1169 1183 quacunque
1184 1081 1291 1158 causa
1315 1079 1374 1152 vei
1390 1079 1523 1151 delitto
1546 1078 1604 1149 vel
1627 1079 1802 1156 sorilssito

460 1193 593 1266 mercie
602 1204 642 1267 et
656 1199 919 1273 merciumentn
927 1201 1085 1294 pecunie
1098 1193 1170 1268 smt
1179 1193 1330 1268 collette
1346 1189 1436 1261 etin
1450 1212 1522 1262 vus
1533 1185 1640 1261 burso
1654 1192 1699 1263 nd
1709 1189 1803 1267 scuc-

459 1303 594 1377 cnrium
612 1303 772 1381 nostrum
793 1318 942 1405 portstn
961 1318 1001 1381 et
1023 1305 1194 1402 predittis
1212 1300 1383 1375 iratribus
1403 1294 1476 1372 fint
1499 1298 1634 1373 ibidem
1651 1300 1804 1378 liberate

458 1410 600 1492 serurts
613 1422 712 1516 regie
721 1417 921 1494 maiestatis
932 1415 1077 1490 iusticie
1087 1415 1216 1487 mortis
1226 1423 1266 1486 et
1275 1409 1519 1484 membrorum
1535 1451 1545 1470 ·
1562 1410 1803 1487 concedimus

457 1523 601 1625 iusuper
615 1533 667 1604 eis
682 1533 780 1625 quod
796 1527 886 1604 licet
902 1529 1026 1624 eliqua
1034 1527 1247 1600 libertatum
1260 1521 1402 1596 suerum
1414 1532 1668 1597 contentarum
1683 1527 1723 1597 in
1735 1527 1802 1600 huc

458 1650 558 1714 cartu
568 1665 633 1738 pro
648 1642 823 1738 temporis
839 1640 1086 1712 diuturnitate
1096 1658 1314 1732 quocunque
1325 1631 1410 1708 casu
1419 1635 1655 1733 contingente
1667 1633 1718 1709 vfi
1728 1661 1800 1710 non

456 1752 594 1828 fuerint
608 1753 864 1827 nichilominus
880 1759 1008 1823 temen
1024 1749 1154 1824 ecdem
1172 1751 1343 1824 libertate
1359 1747 1406 1820 ds
1422 1757 1545 1821 cetero
1561 1757 1710 1823 vtsntur
1726 1744 1801 1824 sme

456 1863 577 1959 ulique
591 1863 875 1940 contradidione
890 1883 966 1933 non
982 1857 1152 1934 obstnnte
1168 1885 1214 1936 so
1229 1859 1326 1956 quod
1342 1881 1409 1955 per
1430 1862 1604 1956 temporis
1620 1861 1801 1935 dintnmi·

456 1985 572 2051 tutem
588 1969 693 2050 ecrsr
717 1995 792 2045 non
815 1972 955 2044 fuerint
969 1967 1065 2046 ficut
1089 1977 1289 2070 predittum
1307 1968 1388 2044 est·
1408 1969 1491 2046 Hec
1503 1975 1625 2048 omnis
1639 1974 1800 2069 predit'cs

456 2098 496 2160 et
511 2089 633 2160 omnic
647 2085 719 2158 nliu
730 2081 882 2156 seruicia
892 2081 1070 2160 secularis
1085 2097 1126 2161 et
1142 2084 1423 2188 consuetudines
1439 2106 1511 2178 que
1527 2085 1567 2157 in
1582 2084 1652 2160 boc
1667 2083 1799 2181 scripto

455 2221 529 2272 non
541 2182 898 2292 comprehenduntur
908 2197 962 2268 eis
974 2199 1209 2272 concedimus
1222 2206 1262 2271 et
1272 2195 1526 2270 confirmemus
1538 2197 1577 2270 in
1588 2210 1800 2294 perpetuum

455 2303 684 2385 elemosinam
711 2329 796 2379 cum
818 2307 989 2380 omnibus
1011 2307 1242 2385 libertatibus
1267 2318 1309 2381 et
1334 2304 1459 2382 liberis
1481 2305 1800 2383 consuetudinibus

455 2445 544 2519 ques
559 2422 658 2516 regin
675 2416 834 2515 potestus
851 2417 1004 2493 liberius
1020 2419 1130 2495 elicui
1152 2421 1277 2495 domui
1293 2417 1479 2515 religionis
1502 2420 1665 2494 conferre
1680 2419 1800 2515 potest

453 2556 519 2630 pro
536 2531 607 2605 Dei
623 2553 745 2603 amore
762 2540 802 2604 et
817 2553 884 2626 pro
901 2533 1025 2605 enims
1041 2534 1181 2606 domini
1206 2530 1328 2605 Dauid
1345 2531 1440 2627 rogis
1453 2529 1578 2604 Scotis
1589 2541 1629 2606 et
1644 2555 1710 2628 pro
1722 2535 1799 2606 sni·

455 2667 515 2717 ms
529 2643 665 2715 domini
683 2639 866 2715 Willeimi
892 2643 989 2739 regis
1014 2641 1131 2739 putris
1152 2639 1264 2716 nostri
1282 2650 1322 2713 et
1337 2662 1402 2736 pro
1427 2641 1614 2714 snimsbus
1637 2645 1799 2715 omnium

454 2750 710 2828 antecessorum
727 2765 768 2827 et
783 2749 1023 2827 succellbrum
1035 2752 1240 2828 nostrorum
1253 2794 1262 2812 ·
1276 2751 1326 2825 Et
1338 2751 1570 2848 prohibemns
1580 2750 1685 2848 super
1701 2752 1799 2826 soris-

453 2865 625 2940 numm
642 2862 799 2940 nostrum
825 2865 925 2960 quod
941 2865 1066 2940 nulius
1090 2869 1144 2941 eis
1168 2866 1228 2940 rel
1245 2863 1452 2938 bominibus
1471 2860 1543 2938 suis
1559 2875 1686 2939 contro
1706 2867 1799 2940 hanc

452 2987 588 3049 certem
606 2975 643 3047 in
660 2975 782 3071 aliquo
794 2975 989 3050 soriffccict
1005 2981 1092 3072 quis
1100 2976 1195 3076 ipsos
1211 2977 1376 3053 homines
1393 2974 1474 3050 suos
1493 2986 1533 3051 et
1548 3000 1674 3051 omnes
1689 3001 1747 3053 res
1761 2990 1799 3052 et

452 3083 675 3184 possesiones
701 3087 783 3162 suas
809 3098 850 3162 ct
876 3089 1069 3164 hominum
1097 3090 1244 3165 suorum
1263 3089 1303 3161 in
1323 3083 1522 3163 custodium
1548 3099 1588 3162 et
1609 3085 1797 3185 specialem

451 3200 712 3295 protedtionem
729 3198 889 3275 nostrum
905 3198 1128 3298 suscepimus
1145 3243 1155 3264 ·
1175 3202 1260 3299 Hijs
1276 3196 1429 3274 testibus
1445 3209 1507 3274 eto
1521 3237 1531 3258 ·
1547 3199 1686 3274 Datum
1702 3202 1797 3297 opud

452 3310 667 3408 Streuerne
677 3312 893 3387 duodecimo
905 3313 967 3387 die
977 3310 1285 3406 mcnfistnusrij
1297 3307 1624 3408 unnoregninostri
1630 3308 1797 3386 vicesimo

451 3420 606 3496 secundo
620 3445 633 3482 ¹·

452 3757 562 3834 Certe
571 3759 753 3856 Rcdulphi
764 3759 922 3857 episcopi
933 3761 981 3835 ds
991 3757 1143 3836 ecclesie
1152 3759 1199 3833 de
1209 3757 1362 3852 Obeyne
1371 3757 1543 3833 frutribus
1551 3757 1795 3832 miliciedsts·

452 3951 646 4058 Omnibus
659 3980 793 4057 Christi
806 3983 975 4059 fidelibus
991 3984 1039 4058 cd
1055 3979 1304 4081 quospresens
1315 3976 1489 4077 scriptum
1506 3986 1713 4077 peruenerit
1725 3981 1796 4056 Rs·

449 4094 606 4190 dulphus
614 4091 842 4190 permistione
856 4096 984 4170 diuino
992 4088 1425 4170 eccleiieAberdoneniis
1437 4089 1638 4191 [minister]
1652 4095 1797 4168 humilis

450 4217 613 4282 eternum
628 4207 668 4280 in
680 4207 829 4281 domiuo
845 4206 1004 4282 sulutem
1021 4249 1032 4268 ·
1050 4205 1244 4282 Noueritis
1259 4201 1416 4279 uniuersi
1426 4229 1494 4279 nos
1510 4206 1633 4281 diuino
1649 4209 1796 4302 pietatis

442 4314 722 4392 -intuitudediffe
732 4315 938 4393 conoeffilse
948 4319 1068 4394 etbso
1078 4312 1311 4394 cnrtsnostrs
1320 4314 1541 4393 confirmasse
1550 4317 1632 4392 Deo
1641 4325 1682 4392 et
1691 4317 1797 4392 berte

450 4429 570 4504 birris
594 4441 634 4503 et
649 4430 822 4504 frutribus
837 4430 977 4506 milicie
1001 4429 1133 4528 templi
1149 4428 1357 4506 Salomonis
1380 4429 1420 4503 in
1442 4427 1567 4504 Scotis
1590 4431 1685 4526 apud
1710 4429 1797 4504 col·

452 4553 508 4616 tre
523 4537 729 4616 constitutis
744 4541 791 4616 sd
807 4541 1119 4638 presentationem
1130 4541 1264 4618 nobilis
1275 4539 1344 4614 riri
1354 4539 1493 4614 domini
1503 4539 1661 4616 Wolteri
1673 4537 1797 4640 Byiset

449 4648 633 4730 ecclesium
649 4653 696 4728 de
712 4651 867 4750 Obeyne
891 4677 977 4729 cum
1004 4653 1155 4752 repellis
1181 4653 1288 4730 torris
1315 4651 1467 4728 decimis
1491 4651 1733 4730 oblrtionibus
1749 4664 1796 4729 vet
