4564 5968
520 670 605 765 xa]
988 673 1393 750 annnoonnnss.
1793 683 1858 748 aa

567 872 757 943 taxatione
782 873 965 948 literarum
994 879 1030 946 in
1058 899 1128 946 eno
1147 876 1330 947 volumine
1356 897 1438 946 curn
1461 869 1628 944 asseribus
1646 877 1681 942 in
1701 873 1858 945 seeundo

566 980 652 1052 lolio
671 985 708 1054 iu
727 995 834 1057 textu
857 987 1113 1084 lldnnifeslatie·

517 1091 638 1165 Prima
655 1119 736 1189 pars
754 1097 906 1171 Hearici
925 1099 1029 1192 Boyk
1048 1099 1222 1190 incipiens
1240 1099 1277 1165 in
1295 1095 1450 1166 secundo
1468 1094 1552 1163 solio
1570 1091 1602 1162 I.
1621 1117 1652 1187 p.
1670 1096 1701 1164 α’
1720 1149 1727 1162 .

514 1201 683 1279 Secunda
699 1231 780 1302 pars
798 1209 949 1282 Henrici
969 1207 1075 1302 Boyk
1093 1212 1130 1279 in
1148 1206 1305 1277 seeundo
1323 1205 1408 1276 lolio
1426 1203 1593 1299 Loprn'tnr
1610 1204 1651 1276 de
1667 1204 1796 1278 clericis
1814 1249 1822 1264 ·

516 1314 754 1394 Policraticon
779 1323 956 1395 Johannis
982 1321 1111 1391 Sarum
1138 1318 1313 1409 incipiens
1348 1319 1384 1387 in
1414 1315 1568 1388 seeundo
1602 1317 1688 1387 folio
1714 1316 1852 1414 Linpnn

559 1433 691 1528 mapin-

512 1540 674 1618 Vestiale
692 1556 731 1618 et
748 1547 840 1618 liber
856 1546 901 1616 de
919 1535 1165 1615 ecelesiasticis
1184 1540 1307 1633 officijs
1326 1543 1362 1612 in
1381 1565 1450 1612 vno
1475 1541 1657 1612 volamine
1677 1544 1711 1611 in
1731 1539 1849 1612 all'cri-

558 1655 625 1726 bus
643 1653 800 1729 seeundo
819 1656 904 1726 lolio
925 1652 1073 1725 Tendit.

509 1761 765 1840 Distintbiones
799 1764 1032 1838 decretalium
1068 1759 1226 1856 magistri
1258 1763 1358 1835 Petri
1390 1763 1597 1836 desemine
1626 1767 1661 1835 in
1689 1765 1846 1837 l'eeundo

556 1878 641 1949 lolio
660 1876 843 1974 arb-tbbati
860 1917 867 1933 ·

505 1987 656 2062 Summa
674 1989 828 2062 Goffridi
846 1989 892 2058 dc
908 1987 1025 2058 Traao
1043 1999 1082 2058 et
1100 1989 1228 2081 incipit
1245 1991 1280 2058 in
1301 1987 1458 2062 seeundo
1476 1990 1560 2060 folio
1573 1999 1697 2086 ‚petaer-

506 2097 605 2171 Ordo
624 2100 832 2172 iudiciarias
850 2123 930 2171 eum
949 2096 1097 2170 ‹liuerfis
1115 2101 1328 2173 tractatibus
1345 2104 1382 2174 in
1400 2099 1553 2173 seeundo
1571 2102 1657 2172 folio
1682 2100 1739 2171 Vn·
1755 2103 1806 2173 rel
1821 2146 1828 2160 ·

505 2210 669 2282 Libellus
687 2212 823 2280 domini
843 2210 988 2281 litifredi
1006 2223 1045 2282 ct
1063 2212 1190 2304 incipit
1202 2211 1371 2309 plastarum
1388 2213 1586 2306 dr’ncrsstae·

501 2321 654 2395 Summa
671 2322 876 2415 Raynrundi
895 2323 939 2394 de
957 2326 1186 2394 matrimonio
1204 2327 1239 2394 in
1260 2324 1417 2396 secundo
1434 2326 1519 2397 lolio
1536 2323 1827 2397 Pernaulatrona'a·

500 2432 711 2505 Decretales
727 2432 864 2527 glolirte
881 2435 1094 2528 incipientes
1113 2438 1149 2506 in
1168 2434 1324 2508 seeundo
1342 2438 1428 2508 folio
1448 2440 1484 2508 in
1504 2450 1608 2508 textu
1635 2437 1676 2509 Vt
1685 2439 1788 2529 sint·

500 2544 709 2639 Apparatus
741 2544 930 2617 Wilhelmi
958 2547 1003 2616 de
1034 2545 1167 2618 Monte
1197 2546 1356 2619 lauduno
1391 2546 1495 2642 saper
1527 2547 1766 2620 Clementinis
1801 2554 1838 2621 in

547 2655 704 2729 seeundo
723 2657 809 2728 lolio
825 2656 937 2729 lirinens
954 2699 962 2714 ·

498 2769 753 2862 liopertorium
774 2767 963 2842 Willrelrni
983 2769 1145 2842 Durandi
1172 2773 1209 2841 in
1236 2773 1313 2842 iure
1331 2773 1502 2842 canonico
1522 2773 1557 2840 iu
1577 2769 1732 2842 secunda
1752 2772 1839 2844 folio

544 2878 748 2978 Ipnornnlr'a
767 2923 775 2938 ·
1131 2974 1135 2982 μ

499 2990 581 3062 Vna
596 2991 696 3086 glosa
714 2994 849 3065 decreti
869 2991 942 3064 sane
960 2990 1128 3065 allecibus
1146 3007 1183 3066 et
1202 2997 1237 3065 in
1257 2993 1413 3067 secundo
1431 2993 1515 3063 lolio
1532 2991 1613 3065 Hec
1631 2997 1667 3065 in
1687 3005 1792 3067 textu
1814 3039 1821 3054 ·

495 3101 666 3174 Liberale
684 3106 1005 3200 extrauagaatibas
1022 3104 1199 3177 Jolrannis
1217 3107 1292 3198 xxij
1317 3108 1355 3177 in
1372 3102 1540 3176 allecibus
1557 3129 1640 3176 eum
1659 3125 1833 3200 apparata

542 3211 729 3287 Gellellini
756 3228 794 3287 et
824 3219 967 3288 cronica
993 3217 1096 3288 Bruti
1124 3221 1160 3288 in
1187 3221 1258 3290 linc
1285 3241 1331 3288 ex
1349 3217 1444 3287 dono
1467 3217 1602 3287 domini
1630 3217 1832 3291 Alexandri

543 3325 839 3420 Kynnynmondc
874 3328 1027 3422 epitiopi
1057 3329 1326 3401 Aberrlonenlis
1352 3330 1413 3421 qui
1440 3331 1566 3422 incipit
1602 3331 1638 3400 in
1676 3329 1833 3403 seeundo

542 3439 628 3510 solio
647 3442 683 3510 in
702 3453 810 3512 textu
826 3439 1004 3513 Jndicinrn
1025 3483 1033 3499 ·
1053 3457 1092 3512 ct
1110 3445 1145 3513 in
1162 3441 1261 3536 glosa
1279 3439 1408 3513 Mdlr'·

490 3550 680 3623 Traeiatus
694 3552 831 3623 domini
848 3551 1035 3624 li'illrelrni
1056 3554 1100 3625 (le
1119 3551 1252 3625 Monte
1270 3552 1428 3625 lauduno
1448 3553 1482 3621 in
1501 3547 1669 3624 alleribas
1683 3579 1831 3648 conper-

540 3676 598 3735 tus
617 3688 700 3736 eum
719 3669 834 3736 eorrio
861 3667 971 3737 rabco
997 3681 1035 3737 et
1062 3668 1188 3760 incipit
1214 3664 1403 3759 Kariffirno
1418 3663 1574 3759 filiastro
1591 3705 1600 3721 ·
1619 3680 1657 3736 et
1675 3665 1830 3739 licando

538 3775 624 3847 lolio
641 3770 794 3874 Effedlas
811 3775 980 3849 rerinl-an
1000 3818 1007 3835 ·

488 3887 687 3960 Decretum
710 3893 814 3962 euius
835 3900 958 3961 textus
977 3893 1102 3984 incipit
1129 3892 1166 3960 in
1192 3889 1347 3962 seeundo
1374 3889 1458 3959 solio
1484 3886 1628 3959 I’enr'tna·
1653 3893 1760 3984 {plicia
1781 3917 1827 3963 ex

537 4001 733 4072 donatione
760 4001 973 4074 venerabilis
999 4005 1063 4074 riri
1099 3999 1257 4098 magistri
1286 4001 1425 4072 'l'lronre
1453 3999 1615 4071 Edaanre
1643 4005 1826 4094 qaonrlarn

535 4115 699 4185 canonici
717 4112 984 4186 Aberdonensas
1001 4156 1008 4171 ·

485 4223 594 4297 Alius
619 4223 712 4296 liber
737 4225 970 4298 decretalium
997 4229 1034 4298 in
1059 4224 1215 4298 secundo
1240 4225 1327 4297 solio
1352 4223 1408 4296 Et
1433 4221 1521 4294 illan
1548 4245 1751 4296 dominantia
1780 4253 1825 4300 ex

534 4337 731 4408 donatione
748 4335 907 4409 eiusdem
925 4336 1083 4433 magistri
1100 4338 1238 4410 'l'bome
1256 4379 1264 4396 ·

485 4447 742 4542 Repertoriam
756 4447 905 4521 Hearici
921 4449 1026 4545 Buyk
1041 4452 1077 4520 in
1089 4452 1212 4544 papiro
1230 4451 1266 4522 ia
1285 4448 1440 4522 l'eeaado
1453 4447 1539 4520 tolio
1562 4445 1676 4521 l'trron
1693 4451 1727 4521 in
1745 4451 1825 4526 clec-

532 4556 679 4632 tionibua
695 4583 742 4633 ex
760 4561 953 4634 donatione
970 4560 1154 4635 eiusdem·
