4568 5952
476 716 547 782 312
996 695 1304 772 REGISTRUM
1659 704 1809 800 [secuti

476 909 607 1002 pagiua
621 905 769 978 humilio
789 899 961 1000 professor
978 925 1021 974 ac
1037 900 1190 972 fratrum
1216 897 1350 967 ordinis
1364 898 1626 990 predicatorum
1644 903 1681 972 in
1698 928 1808 1001 regno

476 1019 599 1093 Scotie
615 1021 713 1114 prior
735 1015 970 1114 prouincialia
996 1011 1149 1086 salutem
1167 1019 1206 1082 et
1223 1031 1288 1102 per
1315 1009 1523 1102 temporalia
1547 1017 1735 1105 peruenire
1763 1020 1807 1090 ad

476 1131 857 1206 etemam·Noueritia
868 1125 1115 1202 venerabilem
1127 1125 1244 1194 virum
1255 1122 1436 1194 dominum
1446 1121 1620 1195 Thomam
1633 1122 1806 1218 Myrtoun

475 1245 764 1318 archidiaconum
783 1235 1086 1314 Aberdouensem
1108 1236 1187 1308 nelo
1210 1232 1426 1307 consciencie
1451 1244 1591 1307 motum
1616 1248 1655 1308 et
1674 1233 1808 1314 sincera

475 1357 666 1430 dilectione
678 1378 789 1448 quarn
801 1355 848 1426 ad
861 1354 1021 1425 animam
1034 1351 1094 1444 pie
1107 1348 1281 1420 memorie
1293 1348 1477 1420 reuerendi
1492 1349 1529 1418 in
1540 1344 1679 1420 Christo
1696 1354 1807 1444 patris

473 1470 608 1542 domini
644 1465 826 1537 Willelmi
870 1458 1109 1557 Elphinstone
1143 1462 1324 1553 quondam
1356 1459 1507 1555 episcopi
1542 1459 1806 1534 Aherdononsrs

472 1561 611 1674 semper
633 1577 786 1672 gerebat
811 1568 980 1644 obtulisse
1002 1570 1106 1642 nobie
1132 1567 1309 1644 summam
1333 1574 1583 1668 quadringinta
1609 1597 1805 1649 mercarunr

472 1703 617 1764 monete
634 1692 671 1760 in
688 1709 777 1758 auro
803 1693 843 1756 et
859 1691 1012 1776 argento
1037 1682 1287 1775 applicandam
1311 1684 1441 1756 ordinis
1458 1685 1606 1758 vrilimti
1624 1693 1804 1761 communi

471 1804 639 1898 precipue
662 1797 797 1870 fabrice
815 1802 1021 1866 conuentus
1038 1787 1149 1862 nostri
1166 1793 1205 1863 in
1223 1792 1355 1865 Sancto
1370 1794 1518 1868 Andrea
1534 1808 1573 1868 et
1590 1811 1630 1871 vt
1647 1803 1805 1874 caritatis

471 1908 710 1986 vicissitudine
722 1930 787 2001 per
802 1902 1003 1999 spiritualia
1019 1899 1185 1996 suffragia
1194 1901 1468 1976 satisfaceremus
1485 1945 1494 1964 ·
1514 1907 1592 1980 Nos
1610 1933 1694 1982 vero
1710 1915 1806 2007 capi·

470 2024 636 2097 tulariter
652 2018 860 2113 congregati
880 2018 917 2086 in
937 2013 1098 2107 capitulo
1124 2014 1335 2107 prouinciali
1351 2017 1388 2086 in
1405 2029 1587 2090 conuentu
1605 2023 1650 2093 de
1667 2021 1805 2096 Striue-

469 2136 545 2230 ling
561 2133 743 2204 celebrato
761 2132 798 2201 in
816 2129 876 2199 die
892 2123 1005 2198 sancii
1031 2125 1174 2197 Mathei
1201 2121 1349 2218 apostoli
1365 2135 1403 2196 et
1420 2125 1639 2222 euangelista
1655 2133 1692 2202 in
1709 2157 1803 2205 auno

470 2246 617 2318 Domini
647 2237 838 2314 millesimo
864 2233 1154 2333 quingentesimo
1184 2237 1324 2308 decimo
1352 2232 1451 2308 sexto
1479 2240 1803 2317 interuenientibus

468 2353 614 2430 consilio
638 2367 677 2428 et
702 2348 875 2426 consensu
892 2350 1129 2422 diffinitorum
1153 2348 1301 2443 predidi
1326 2350 1471 2443 capituli
1495 2353 1663 2427 videlicet
1685 2356 1803 2430 fratris

469 2469 657 2561 Vincentij
675 2465 854 2538 Tinbtoris
872 2462 1000 2557 prioris
1017 2461 1087 2534 loci
1106 2460 1313 2556 capitularis
1334 2460 1490 2536 eiusdem
1517 2465 1636 2539 fratris
1652 2469 1801 2544 Roberti

468 2580 549 2654 Lile
567 2581 604 2652 iu
621 2575 727 2650 sacris
749 2575 884 2647 litteris
910 2571 1102 2666 baccalarij
1120 2573 1247 2666 prioris
1274 2588 1474 2648 conuentus
1490 2577 1536 2648 de
1554 2577 1663 2652 Parth
1681 2582 1800 2655 fratris

465 2693 652 2766 Johannia.
666 2686 829 2762 Gresone
855 2689 893 2757 in
922 2681 1031 2756 sacris
1056 2684 1190 2757 litteris
1217 2686 1328 2757 etiarn
1353 2687 1539 2781 baccalarij
1564 2694 1691 2784 prioris
1716 2717 1800 2765 cou-

464 2817 596 2878 uentua
618 2793 890 2874 Aberdouensra
915 2806 957 2869 et
982 2796 1103 2869 fratris
1117 2794 1297 2868 Johannis
1323 2795 1437 2891 Speur
1453 2800 1492 2870 iu
1508 2798 1642 2874 eisdem
1669 2803 1799 2878 litteris

464 2915 649 3006 baccalarij
684 2923 724 2984 et
758 2911 886 3005 prioris
919 2920 1125 2981 conuentus
1151 2906 1431 3002 Ediuburgeusia
1456 2911 1535 2983 zelo
1564 2919 1798 3006 promotionis

463 3025 573 3100 nostri
599 3025 733 3096 ordinis
751 3025 789 3093 in
806 3018 964 3115 regulari
983 3020 1059 3090 rita
1075 3030 1115 3090 et
1133 3017 1249 3090 studio
1275 3018 1446 3092 litterario
1464 3021 1559 3096 duat
1586 3026 1797 3100 deliberani-

463 3162 544 3212 urus
577 3137 708 3209 didam
743 3133 898 3228 pecunie
940 3130 1116 3202 summam
1160 3131 1414 3224 acceptandam
1443 3133 1519 3206 sore
1552 3136 1796 3230 applicandam

462 3252 595 3324 fabrico
613 3248 697 3346 noui
715 3254 921 3318 conuentus
938 3242 1064 3315 Sonat
1081 3240 1232 3314 Andree
1250 3255 1290 3312 vt
1306 3242 1379 3315 illio
1395 3244 1453 3316 dei
1464 3248 1582 3340 gratia
1598 3243 1684 3320 ell'et
1701 3251 1798 3323 sutu-

464 3387 524 3436 rus
541 3370 742 3435 conuentus
769 3358 923 3429 fratrum
950 3354 1165 3450 regulariter
1182 3355 1381 3426 uiuentium
1410 3369 1448 3427 et
1464 3356 1640 3430 sacrarum
1662 3361 1798 3436 littero·

460 3499 540 3547 rum
552 3470 816 3565 studioiugiter
829 3463 1070 3540 iusrstentium
1089 3466 1148 3538 vbi
1167 3478 1276 3539 anteo
1294 3487 1382 3538 rnna
1399 3466 1493 3540 solua
1506 3470 1616 3542 frater
1631 3496 1710 3544 raro
1726 3474 1796 3546 duo

461 3586 694 3658 morabantur
711 3621 720 3641 ·
738 3575 1053 3676 obligauimusque
1078 3601 1144 3650 nos
1171 3575 1334 3649 strittiori
1358 3580 1463 3651 ruodo
1488 3603 1560 3674 quo
1585 3581 1725 3677 possunt
1751 3589 1794 3660 ad

463 3700 528 3771 lroc
548 3691 702 3790 relign‘osr
720 3692 873 3788 obligari
891 3690 1077 3763 celebrare
1094 3713 1201 3763 roam
1219 3690 1433 3763 cotidianam
1458 3688 1593 3766 millam
1612 3691 1686 3768 line
1710 3713 1796 3772 nota

461 3814 726 3905 imperpetuum
744 3806 783 3876 in
801 3799 954 3877 ecclesio
978 3797 1098 3875 nostra
1123 3799 1402 3897 Edinburgensra
1427 3818 1628 3878 conuentus
1645 3808 1703 3880 rbi
1720 3832 1798 3904 pre·

461 3922 526 3996 fati
555 3917 745 3991 reuerendi
776 3912 933 4009 episcopi
962 3913 1096 3986 viscera
1120 3915 1271 3985 humata
1300 3912 1525 4008 requiescunt
1550 3939 1631 3990 oum
1659 3920 1796 3994 duobus

461 4027 710 4123 anniuersarija
730 4027 916 4122 perpetuis
938 4028 977 4098 in
1003 4027 1062 4097 dio
1079 4025 1201 4098 obitus
1217 4025 1303 4096 diat
1321 4023 1470 4121 episcopi
1488 4050 1598 4101 vnum
1615 4031 1796 4106 celebran-

460 4148 547 4217 durn
565 4145 602 4214 in
619 4141 715 4212 dian
732 4146 919 4211 conuentu
937 4131 1201 4231 Edinburgensr
1218 4134 1317 4207 aliud
1334 4158 1415 4209 vero
1439 4139 1475 4210 in
1500 4140 1596 4212 dido
1613 4156 1794 4216 conuentu

460 4253 584 4330 Sancti
607 4250 757 4324 Andrce
779 4271 844 4344 pro
871 4249 994 4320 animo
1022 4249 1108 4320 diat
1132 4247 1268 4319 domini
1299 4246 1448 4344 episcopi
1478 4261 1517 4323 et
1544 4255 1665 4326 animo
1688 4251 1794 4348 ipsius

458 4365 696 4443 archidiaconi
714 4356 974 4452 animabusque
986 4359 1184 4433 amicorum
1198 4367 1238 4430 et
1255 4358 1518 4435 benesadorum
1531 4362 1673 4436 suorum
1690 4368 1795 4439 ·seci-

460 4477 608 4572 musque
634 4475 767 4548 dictam
793 4471 949 4570 pecume
974 4467 1151 4544 summam
1184 4491 1250 4566 per
1273 4481 1469 4546 curatorem
1504 4473 1665 4550 nostrum
1698 4503 1793 4551 cour-

462 4611 609 4669 muuem
635 4587 746 4684 recipi
771 4585 818 4658 de
843 4604 915 4677 qua
932 4583 1087 4677 pecunie
1111 4580 1252 4655 summa
1279 4585 1455 4677 prelatum
1480 4585 1666 4662 dominum
1682 4591 1795 4665 archi·
