4526 5954
1026 669 1330 744 REGISTRUM
1561 609 1566 618 ·
1691 675 1842 772 [secum

1021 971 1151 1044 Petrus
1168 966 1324 1062 Rcmsey
1343 1009 1351 1026 ·

504 1073 660 1176 Vemm
685 1100 905 1174 reuerendus
929 1101 966 1171 io
995 1092 1136 1170 Christo
1160 1101 1263 1190 puter
1278 1117 1321 1165 ec
1338 1094 1504 1166 dominus
1522 1090 1695 1190 magister
1715 1095 1844 1169 Pecu·

503 1217 612 1289 huius
629 1213 758 1307 templi
775 1211 943 1306 pontifex
960 1208 1111 1283 odteurm
1135 1205 1311 1280 tredecim
1326 1205 1365 1277 in
1383 1206 1510 1278 eodem
1530 1202 1721 1278 constituit
1737 1230 1844 1280 euno-

506 1330 607 1400 nicoe
629 1335 668 1398 et
697 1322 833 1396 eisdem
860 1317 1062 1394 mansiones
1089 1320 1348 1394 conuenientes
1373 1312 1566 1413 cffigncuit
1601 1317 1773 1390 videlicet
1805 1319 1845 1388 in

505 1439 630 1533 primis
644 1433 835 1506 Decenum
848 1471 857 1489 ·
872 1429 1029 1504 secundo
1043 1429 1238 1504 Centorem
1255 1469 1264 1488 ·
1282 1431 1392 1502 tertio
1409 1427 1679 1502 eanoelnrium
1693 1469 1702 1485 ·
1717 1440 1844 1522 querto

506 1545 779 1620 Theseumrium
792 1580 802 1599 ·
816 1543 944 1635 quinto
959 1541 1264 1616 Archidieoonum
1277 1581 1286 1602 ·
1300 1541 1402 1616 sexto
1414 1537 1633 1636 Episcopum
1660 1576 1671 1592 ·
1695 1537 1846 1634 septimo

507 1657 707 1749 Bclheluy·
724 1655 852 1724 oeauo
865 1650 971 1746 Oyne
988 1692 999 1710 ·
1016 1676 1113 1725 nono
1127 1653 1338 1728 Murthtlek
1351 1655 1512 1728 -decimo
1529 1651 1844 1725 Inuorcroudene·

507 1769 698 1841 vndecimo
735 1764 957 1856 Bouquhory
982 1765 1185 1858 devynnick
1218 1801 1228 1821 ·
1260 1765 1476 1840 duodecimo
1503 1763 1589 1838 Olet
1626 1805 1635 1823 ·
1668 1761 1846 1859 postremo

507 1879 728 1975 prebendam
754 1877 800 1946 de
828 1872 951 1946 Deir·
977 1876 1108 1967 quibus
1132 1872 1326 1968 apostolice
1352 1879 1466 1952 fretus
1492 1878 1706 1951 auctoritate
1731 1878 1847 1948 omni-

507 1990 652 2062 modam
679 1983 959 2060 iurisdidtionem
986 1985 1079 2057 infru
1100 1997 1208 2080 cepte
1231 1991 1383 2060 oenonie
1408 1990 1537 2061 tribuit
1554 2001 1595 2062 vt
1618 1991 1654 2062 in
1681 1983 1847 2084 regestris

509 2097 662 2195 desuper
676 2095 851 2173 consectis
872 2095 980 2169 letius
997 2098 1110 2169 videri
1128 2097 1240 2169 iicet·

558 2212 721 2284 Tandem
738 2209 912 2302 temporie
929 2203 1089 2302 processu
1106 2209 1165 2281 hic
1178 2230 1349 2280 numerus
1364 2211 1620 2282 canonicorum
1640 2223 1678 2284 et
1694 2215 1848 2307 preben-

510 2328 637 2396 damm
653 2346 719 2418 per
735 2321 800 2394 boe
816 2316 1008 2414 sequentes
1025 2320 1213 2415 pontifices
1229 2320 1355 2393 cuitus
1371 2316 1425 2390 est
1442 2373 1451 2392 .

968 2544 1170 2617 Richardue
1187 2542 1362 2616 Pottocht
1383 2580 1391 2597 ·

562 2657 800 2730 Reuereudue
829 2656 997 2729 dominus
1023 2656 1225 2729 Richardue
1249 2654 1425 2729 Pcttocbt
1452 2657 1578 2753 templi
1606 2660 1711 2731 huius
1732 2683 1847 2734 nonus

509 2770 676 2866 pontifex
696 2767 917 2863 prebendam
944 2768 990 2841 de
1015 2768 1255 2841 Crechtmont
1270 2768 1327 2840 hie
1343 2765 1533 2842 tresdecim
1561 2771 1729 2845 ediunxit
1752 2795 1847 2846 enno

510 2900 707 2955 mccuxu.

1010 2990 1190 3064 Henricue
1207 2991 1323 3062 Chein
1341 3033 1350 3050 ·

562 3102 736 3175 Pretereo
770 3103 989 3174 reuerendos
1023 3103 1189 3174 dominus
1218 3101 1401 3175 lienricue
1435 3103 1552 3177 Chein
1582 3105 1847 3180 Aberdonensic

510 3215 676 3311 pontifex
695 3214 907 3286 vndeoimus
930 3215 994 3286 hcc
1013 3215 1130 3286 vniuit
1155 3213 1354 3308 prebendas
1371 3215 1541 3289 videlieet
1567 3220 1783 3312 prebendam
1801 3223 1847 3293 de

511 3327 691 3421 Lummey
706 3349 803 3400 enno
829 3345 1035 3398 mcccxrv.
1088 3325 1313 3399 Prebendem
1332 3326 1378 3398 de
1394 3324 1588 3400 Aberdour
1609 3350 1846 3404 mcccxvrn.

512 3439 740 3512 Prebeudcm
756 3437 802 3509 de
821 3435 955 3510 sorbeo
973 3460 1188 3512 mcccxxv.
1241 3433 1428 3510 Postremo
1438 3441 1658 3534 prebendam
1675 3442 1722 3514 de
1740 3441 1846 3516 Elion

489 3551 492 3558 ⁴
512 3575 557 3623 ex
576 3546 750 3623 consensu
766 3549 1024 3622 monechomm
1043 3550 1184 3644 cenobij
1202 3550 1248 3621 de
1266 3544 1518 3623 Kiniossonno
1536 3575 1796 3626 mcccxxvru.

830 3773 1042 3848 Alexander
1057 3776 1103 3848 de
1120 3773 1357 3870 Kynnimond
1374 3775 1536 3869 primus·

562 3885 706 3960 Deinde
721 3888 942 3960 reuerendus
960 3902 1062 3982 peter
1072 3885 1286 3961 Alexander
1296 3884 1343 3957 de
1356 3884 1591 3980 Kynnimond
1610 3891 1715 3962 iruiuo
1731 3893 1846 3964 nomi·

511 4003 568 4074 nie
591 4001 729 4094 primus
753 3998 918 4093 pontifex
943 3997 1177 4072 duodecimus
1205 3998 1425 4095 prebendam
1451 4001 1498 4075 de
1522 4001 1731 4100 Kynourdin
1756 4005 1844 4080 elios

511 4108 687 4208 hospitale
714 4109 938 4183 iufirmomm
966 4132 1030 4204 per
1056 4111 1236 4206 quendem
1265 4110 1427 4184 Alanum
1458 4111 1625 4189 Dumord
1657 4118 1844 4191 fundatum

510 4225 766 4298 canonicorum
783 4243 934 4295 numero
951 4223 1195 4320 incorporouit
1210 4245 1426 4298 mcccxxx.

808 4444 1023 4520 Alexander
1039 4447 1085 4522 de
1101 4447 1338 4544 Kynnimoud
1356 4447 1533 4524 secundm
1549 4493 1559 4512 ·

563 4559 748 4656 Deinceps
763 4559 985 4632 reuerendus
1002 4570 1107 4654 poter
1118 4561 1285 4634 domiuus
1299 4561 1511 4638 Alexander
1524 4566 1570 4638 de
1588 4563 1845 4662 Kyninpmond
