4526 5954
478 711 551 776 218
1002 701 1308 778 REGISTRUM
1663 709 1815 804 [secum

534 903 704 979 Vnaeum
716 902 957 980 anniuersario
969 903 1108 976 Thome
1121 901 1224 974 Vsus
1242 905 1275 998 vj
1293 907 1324 978 ἔ.
1338 907 1396 1000 viij
1412 902 1448 977 d.
1466 905 1512 978 de
1524 915 1622 978 terra
1634 909 1814 1002 quondam

478 1016 504 1090 J
506 1019 658 1092 ohannis
675 1017 817 1092 Arthur
832 1012 1018 1114 burgenfis
1044 1017 1090 1088 de
1107 1013 1273 1088 Abirden
1291 1041 1386 1090 nunc
1402 1017 1608 1112 pertinente
1628 1021 1674 1092 ad
1699 1019 1814 1092 altare

480 1129 654 1206 Nominis
674 1130 764 1204 Jesu
787 1133 825 1205 in
850 1125 1000 1206 ecclesia
1026 1130 1101 1202 diui
1128 1126 1285 1226 Nicolaij
1304 1131 1441 1203 iacente
1465 1129 1503 1200 in
1529 1129 1609 1201 vieo
1636 1127 1815 1224 superiore

479 1241 632 1318 ecclesie
648 1240 891 1318 Abirdonenfi
918 1267 965 1316 ex
990 1251 1094 1337 parte
1115 1237 1260 1314 australi
1285 1241 1439 1314 eiusdem
1464 1264 1562 1314 nunc
1588 1244 1626 1314 in
1648 1242 1815 1315 manibus

480 1357 618 1430 domini
633 1355 814 1428 Johannis
833 1354 938 1428 Vaus
954 1354 1132 1449 capellani
1150 1355 1236 1427 dici
1254 1353 1400 1428 altaris·

530 1579 738 1654 Vndecimo
748 1576 972 1670 Septembris
985 1576 1268 1650 anniuersarium
1284 1600 1350 1672 pro
1360 1580 1475 1650 anima
1487 1578 1623 1650 domini
1636 1578 1662 1652 J
1664 1581 1814 1655 ohannis

398 1730 404 1742 ·
476 1689 569 1786 gott
604 1689 693 1762 olim
718 1686 896 1780 capellani
934 1688 981 1759 de
1011 1685 1179 1761 Vasthail
1212 1713 1238 1762 x
1271 1693 1301 1764 ἓ.
1337 1693 1381 1764 de
1413 1687 1597 1766 mansione
1623 1693 1671 1764 de
1705 1692 1813 1766 Vast-

476 1801 552 1875 ball
586 1801 680 1873 inira
721 1799 911 1870 canoniam
947 1794 1239 1872 Abirdonensem
1273 1841 1282 1859 ·
1317 1805 1378 1896 qui
1409 1803 1499 1896 obijt
1532 1827 1628 1876 anno
1664 1803 1811 1878 Domini

476 1931 754 1986 mccccaxxrx.

527 2023 699 2097 Vnacum
724 2016 968 2093 anniuersario
990 2015 1148 2113 magistri
1165 2021 1342 2096 Johannis
1360 2023 1509 2097 Edinem
1536 2052 1560 2100 x
1587 2031 1617 2100 i.
1644 2031 1690 2102 de
1713 2055 1813 2104 nran-

475 2132 575 2209 iione
592 2135 638 2206 de
656 2131 843 2228 Meythlik
861 2131 956 2202 iufra
974 2131 1107 2202 <littam
1126 2135 1315 2206 canoniam
1334 2173 1343 2190 ·
1360 2137 1417 2228 qui
1434 2138 1526 2230 obijt
1546 2163 1644 2211 anno
1663 2141 1811 2215 Domini

476 2265 725 2322 mcccaxxx.

525 2465 713 2568 vigesimo
724 2467 950 2562 Septembris
967 2466 1252 2542 anniuersarium
1268 2493 1333 2568 pro
1349 2474 1465 2546 anima
1482 2470 1642 2570 magistri
1653 2475 1812 2550 Gilberti

474 2583 669 2660 Greenlaw
696 2580 783 2653 olim
814 2577 971 2675 episcopi
998 2578 1258 2654 Abirdonensra
1297 2584 1331 2676 xj
1359 2587 1387 2657 i.
1414 2587 1474 2680 viij
1505 2584 1543 2658 o.
1570 2587 1617 2660 de
1650 2588 1738 2662 viiia
1766 2591 1812 2662 de

473 2691 731 2770 Aucbenstiuk
759 2695 796 2764 in
827 2693 994 2764 monibus
1021 2693 1158 2766 domini
1185 2694 1230 2767 de
1256 2695 1436 2770 Straiocht
1469 2739 1478 2756 ·
1505 2701 1567 2791 qui
1597 2701 1690 2794 obijt
1715 2725 1810 2774 anno

474 2806 694 2994 Dti'nriibtim
730 2801 973 2990 anniuJersario
1002 2916 1139 2990 domini
1171 2917 1350 2991 Jobannis
1383 2918 1523 2995 Frostnr
1557 2903 1684 2997 miiitis
1710 2925 1744 3022 ij
1780 2933 1809 3002 ἓ.

473 3035 535 3127 viij
571 3029 608 3103 o.
643 3031 690 3102 de
723 3030 820 3101 ditia
853 3025 940 3098 villa
973 3026 1019 3100 de
1053 3027 1304 3102 Auchenstiuk
1334 3069 1343 3088 ·
1376 3030 1424 3104 Et
1456 3037 1593 3108 domini
1628 3035 1808 3113 wilielmi

472 3145 613 3239 Squaoe
635 3165 659 3212 x
685 3144 715 3214 i.
742 3141 788 3212 de
813 3134 997 3212 monnone
1026 3141 1073 3212 de
1097 3141 1288 3214 Murthlok
1313 3182 1322 3199 ·
1345 3147 1403 3236 qui
1423 3145 1514 3240 obijt
1536 3171 1632 3220 nnno
1660 3149 1808 3226 Domini

472 3273 768 3330 mccccxxmx.

522 3473 710 3576 Vigeiimo
735 3479 851 3572 primo
870 3473 1096 3570 Septembris
1113 3479 1393 3552 anniuersarium
1422 3503 1485 3576 pro
1510 3485 1632 3559 anima
1648 3487 1808 3586 magistri

470 3591 599 3666 Aliani
618 3589 755 3662 Futhos
780 3589 945 3661 canonici
962 3585 1233 3662 Aberdonenfis
1250 3613 1300 3664 xx
1318 3593 1349 3664 ἓ.
1365 3592 1511 3666 devilia
1527 3596 1574 3667 de
1590 3595 1689 3672 Glak
1711 3623 1809 3674 nune

470 3714 596 3778 autem
624 3701 671 3774 de
699 3699 875 3774 Wartbiil
900 3701 938 3772 in
966 3701 1154 3795 parrochia
1179 3701 1225 3774 de
1244 3701 1347 3798 Rayn
1382 3707 1415 3776 in
1443 3707 1611 3782 manibus
1641 3709 1807 3785 Villeimi

472 3811 602 3909 Lessye
619 3853 629 3872 ·
646 3815 709 3908 qui
725 3813 815 3906 obijt
834 3835 930 3884 anno
948 3811 1098 3884 Domini
1117 3811 1135 3908 [
1304 3812 1322 3909 ]
1340 3855 1349 3874 ·

520 4033 709 4134 Vigefimo
725 4033 881 4108 secundo
898 4034 1125 4128 Septembris
1142 4039 1419 4113 anniuersarium
1444 4065 1509 4137 pro
1525 4047 1714 4120 animabus
1731 4071 1807 4124 ma-

468 4147 571 4251 gistri
587 4145 792 4222 Alexandri
811 4145 896 4241 Kyd
921 4143 1141 4221 succentoris
1158 4149 1413 4226 Abirdoneniia
1438 4167 1477 4227 et
1499 4156 1636 4230 domini
1655 4159 1806 4234 Gabrie-

468 4373 660 4449 soiuentur
675 4381 716 4444 et
738 4370 810 4442 duo
827 4364 970 4442 sacriste
994 4371 1039 4441 ad
1058 4370 1316 4446 inueniendum
1334 4375 1518 4452 luminaria
1534 4393 1573 4452 et
1598 4405 1663 4476 pro
1689 4383 1805 4478 puisa-

467 4489 571 4560 tione
596 4501 853 4578 campanarum
870 4489 909 4554 et
934 4477 958 4577 ij
986 4483 1017 4554 Ξ.
1043 4485 1163 4577 pueris
1184 4485 1336 4558 choriet
1361 4489 1383 4580 ij
1407 4491 1436 4560 i.
1453 4491 1645 4566 duodecim
1670 4517 1805 4592 paupe·

468 4598 570 4672 ribus
586 4595 715 4669 domus
731 4589 918 4689 hospitalis
934 4593 1157 4670 fundationis
1168 4593 1321 4692 episcopi
1339 4598 1467 4674 Gabini
1484 4615 1523 4674 et
1541 4604 1592 4697 iiij
1602 4601 1639 4678 d.
1658 4611 1802 4702 preroni
