4526 5954
489 678 562 758 276
1009 677 1316 756 REGISTRUM
1668 683 1820 782 [aueum

492 986 604 1064 (larba
628 990 831 1066 Alexandri
865 989 1008 1086 Gomyn
1041 988 1185 1064 comitia
1210 986 1258 1058 de
1281 983 1427 1058 Bucban
1445 1007 1509 1081 pro
1534 984 1700 1084 hospitali
1725 995 1821 1088 apud

492 1122 631 1178 nouum
646 1103 802 1201 burgum
817 1103 857 1177 in
873 1101 1059 1176 Buehane.

493 1301 687 1404 Omnibus
714 1327 785 1401 bue
811 1323 983 1420 seriptum
1010 1321 1138 1396 visuris
1167 1316 1225 1391 val
1253 1317 1423 1394 audituris
1447 1319 1659 1396 Alexander
1681 1323 1820 1422 Comyn

491 1461 614 1515 eomes
630 1439 677 1512 de
693 1437 868 1510 Buehane
879 1443 970 1508 tune
982 1429 1199 1508 iusticieriua
1214 1427 1340 1505 Saucia
1350 1428 1500 1506 salutem
1515 1433 1554 1505 in
1570 1433 1716 1509 domino
1733 1432 1822 1510 sem·

491 1551 673 1647 piternam
686 1591 696 1612 ·
709 1545 869 1620 Nouerit
880 1539 1096 1618 rniuersrtaa
1108 1535 1226 1613 vestra
1241 1564 1307 1614 noa
1323 1543 1440 1618 diuina
1452 1545 1611 1618 caritatis
1626 1546 1764 1621 intuitu
1781 1561 1820 1622 et

490 1684 557 1759 pro
573 1657 690 1734 salute
714 1657 835 1728 anime
851 1649 971 1727 nostre
987 1660 1028 1728 et
1052 1651 1207 1726 Isabelle
1223 1651 1393 1730 comitill'e
1409 1653 1531 1752 sponse
1556 1654 1675 1732 nostra
1692 1669 1732 1733 et
1755 1683 1820 1756 pro

489 1769 679 1844 animabus
695 1761 956 1839 caracallarum
968 1759 1171 1838 nostrorum
1188 1763 1462 1842 eesuccellorum
1472 1765 1672 1842 nostrorum
1689 1769 1821 1846 dedill'a

490 1873 691 1956 eoneessille
708 1886 747 1951 et
762 1876 832 1950 bae
855 1872 1014 1972 presenti
1030 1887 1132 1950 carta
1151 1875 1271 1952 nostra
1294 1877 1506 1954 confirmull'e
1525 1876 1588 1954 sax
1603 1882 1819 1979 pauperibus

488 1990 734 2088 prebendarija
758 1988 855 2084 apud
870 2009 1010 2060 nouum
1025 1986 1183 2085 burgum
1198 1991 1238 2064 iu
1261 1989 1430 2066 Bucbana
1453 1993 1757 2070 commorantibus
1780 2008 1820 2070 et

488 2125 615 2178 eorum
629 2094 883 2175 suceellbribua
899 2099 1034 2174 ibidem
1059 2099 1166 2175 causa
1181 2098 1369 2176 elemolinu
1383 2101 1501 2178 nostre
1523 2114 1701 2200 perpetuo
1723 2131 1820 2182 com-

488 2215 681 2290 moraturie
691 2212 878 2287 dimidiam
893 2233 1014 2286 acram
1031 2220 1128 2286 terre
1143 2214 1191 2288 ad
1202 2210 1429 2312 melsuugium
1446 2226 1486 2289 et
1500 2215 1731 2315 curtilegium
1747 2243 1818 2316 qne

487 2327 585 2402 iacet
599 2327 699 2400 inter
709 2320 943 2421 melluagium
954 2322 1133 2419 capellani
1143 2323 1264 2400 versun
1273 2327 1444 2402 orientem
1453 2337 1493 2401 et
1501 2337 1646 2422 portum
1659 2326 1817 2406 eiusdem

487 2437 576 2516 ville
592 2478 601 2499 ·
616 2437 678 2534 qni
689 2459 754 2534 pro
765 2433 882 2510 saluta
898 2431 1020 2510 nostra
1035 2444 1076 2511 et
1095 2433 1264 2532 Ysabella
1283 2435 1402 2534 sponse
1413 2436 1532 2512 nostre
1546 2448 1586 2514 et
1601 2461 1665 2534 pro
1679 2444 1818 2519 cundia

487 2549 656 2626 fidelibus
672 2547 852 2623 dannaia
869 2545 996 2622 diuina
1010 2545 1209 2624 celebrabit
1225 2550 1264 2623 in
1280 2548 1415 2646 capella
1430 2551 1475 2624 de
1489 2572 1587 2624 nouo
1602 2551 1738 2650 burgo·
1749 2553 1818 2628 'l'e-

487 2663 645 2739 nendum
662 2669 702 2735 et
720 2659 924 2734 habendam
949 2655 1085 2734 eisdem
1109 2660 1326 2756 pauperibus
1340 2663 1377 2734 in
1399 2683 1525 2757 puram
1541 2673 1581 2734 et
1604 2674 1816 2759 perpetuum

485 2768 719 2853 elemolinum
743 2771 834 2845 adeo
849 2769 964 2846 libera
987 2778 1029 2845 et
1050 2771 1175 2866 quiete
1190 2766 1283 2846 ficut
1298 2771 1413 2866 alique
1427 2767 1621 2846 elemosina
1644 2774 1682 2847 iu
1704 2798 1817 2874 regno

487 2886 617 2964 scocie
631 2883 780 2958 libarius
792 2889 832 2956 et
844 2882 1008 2977 quieeiua
1018 2881 1230 2956 conceditur
1241 2892 1281 2956 et
1293 2877 1481 2977 poffidetur
1496 2893 1558 2958 ·et
1574 2894 1729 2979 quatuor
1744 2888 1815 2961 cal·

485 3001 569 3074 draa
584 3005 624 3071 et
640 2993 911 3092 quatuordeeim
927 2992 1044 3068 bellna
1056 2992 1171 3066 farine
1187 3017 1303 3068 auene
1313 2994 1493 3068 annuatim
1504 2996 1550 3068 de
1561 2995 1665 3070 firma
1679 2997 1816 3073 mulen-

485 3111 562 3188 dini
584 3106 696 3184 nostri
718 3107 764 3180 de
781 3103 905 3201 Furuy
929 3104 975 3178 ad
992 3127 1117 3178 eorum
1141 3101 1432 3179 sustentationem
1454 3129 1520 3202 per
1542 3129 1670 3182 manua
1691 3109 1816 3184 balliui

484 3221 596 3299 nostri
613 3223 660 3295 de
676 3217 808 3315 Slanya
822 3219 886 3312 qui
900 3239 968 3312 pro
984 3224 1149 3313 tempore
1165 3215 1274 3290 fuerit
1289 3217 1528 3313 percipiendae
1543 3257 1554 3277 ·
1572 3217 1815 3296 Concellrmna

484 3339 597 3413 etium
622 3329 757 3408 eisdem
783 3329 1003 3426 pauperibus
1028 3327 1078 3401 ad
1105 3351 1228 3402 eorum
1259 3325 1424 3403 vestitum
1456 3329 1652 3404 oaododm
1683 3328 1814 3408 solides

481 3445 735 3543 sterlingorum
756 3441 945 3516 annuatim
961 3440 1009 3514 ad
1032 3433 1166 3513 festum
1183 3437 1293 3514 sanai
1310 3439 1456 3514 Martini
1473 3443 1512 3515 in
1534 3463 1640 3540 yeme
1663 3445 1814 3540 pereipi-

480 3559 595 3638 eudoa
611 3559 658 3632 da
673 3556 786 3630 firmia
802 3554 889 3628 ville
901 3551 1023 3628 nostre
1038 3553 1087 3627 de
1099 3575 1196 3626 nuuc
1211 3552 1325 3648 burgo
1339 3575 1401 3648 per
1411 3573 1538 3627 manua
1551 3551 1811 3650 prepoliturum

479 3668 642 3748 eiusdem
652 3667 738 3742 ville
750 3707 760 3728 ·
771 3664 945 3740 Preterea
960 3660 1196 3740 concedimus
1212 3660 1343 3738 eisdem
1353 3664 1566 3760 pauperibus
1582 3689 1811 3742 communem

478 3779 661 3881 pallum
680 3780 728 3854 ud
751 3777 814 3852 sax
831 3779 1013 3854 vaccaria
1039 3776 1222 3852 territorio
1245 3775 1292 3850 de
1315 3798 1407 3850 noue
1430 3776 1544 3874 burgo
1567 3781 1754 3854 annuatim
1771 3791 1810 3854 ct

478 3893 715 3970 sufficientem
727 3887 1025 3966 sustentationem
1041 3889 1081 3964 iu
1097 3889 1237 3985 pecario
1253 3885 1409 3964 eiusdem
1432 3888 1501 3966 loci
1518 3913 1601 3966 cum
1617 3889 1732 3966 libero
1754 3897 1810 3968 iu·

475 4001 594 4108 grallu
610 4015 651 4082 et
666 3997 803 4102 egrello
818 4003 857 4076 in
873 4011 1092 4099 perpetuum
1109 4042 1119 4062 ·
1138 3999 1320 4076 Volumus
1333 4010 1452 4076 eutem
1468 4004 1566 4098 quod
1582 4027 1665 4078 uum
1677 4003 1807 4100 aliquia

475 4108 717 4216 predidumm
724 4135 925 4212 pauperum
937 4109 1204 4188 uniuerseviam
1215 4112 1332 4187 carnia
1341 4112 1559 4210 ingrediatur
1567 4113 1659 4190 alim
1671 4139 1807 4214 egenus

473 4231 555 4306 loeo
587 4224 698 4328 ipsrua
728 4225 777 4302 ad
808 4225 941 4300 didam
973 4218 1205 4300 elemuflnam
1245 4219 1397 4298 nostram
1435 4227 1702 4326 percipiendam
1741 4253 1807 4327 per

473 4365 539 4416 nur
571 4349 612 4416 ab
643 4337 795 4416 berndec
835 4333 975 4412 uolbroa
1006 4331 1245 4411 substituatur
1275 4371 1286 4396 ·
1323 4333 1498 4413 Volumni
1533 4337 1681 4436 insuper
1696 4342 1805 4437 ,quod

346 4452 350 4460 ’
472 4451 682 4551 capellanus
710 4451 774 4549 qui
806 4473 873 4548 pru
904 4459 1070 4547 tempere
1111 4449 1209 4547 apud
1240 4469 1372 4524 neuun
1407 4448 1563 4549 burgum
1596 4452 1636 4525 in
1665 4452 1804 4550 capella

470 4565 606 4642 ibidem
639 4561 845 4641 eonstme·
871 4585 938 4661 pro
973 4559 1090 4637 salute
1119 4563 1241 4637 anime
1269 4555 1384 4637 nostre
1417 4571 1457 4638 et
1481 4560 1651 4639 Ysabelle
1678 4560 1805 4662 sponse
