4526 5954
501 665 574 745 274
975 651 1332 737 .''REGIS'PRUM'
1682 663 1835 760 [mcum

501 879 613 930 vnum
637 855 796 934 riuulun'a
820 861 883 956 qui
901 861 1058 935 'vocatur
1081 855 1255 951 contolly
1270 851 1341 949 qui'
1357 852 1539 928 deseendit
1554 857 1594 928 in
1610 855 1730 932 laeum
1746 863 1836 934 inse-

500 972 632 1046 rioram
647 973 694 1047 de
710 971 918 1046 anfanan
933 981 975 1048 et
990 974 1045 1046 ita
1059 973 1100 1045 in
1116 969 1234 1044 altum
1250 963 1318 1060 per
1333 965 1467 1040 didam
1489 965 1648 1039 riuulum
1664 969 1835 1064 usquead

501 1085 693 1180 quemdam
721 1086 880 1182 lapidem
912 1085 975 1178 qui
1008 1089 1160 1156 tonatur
1183 1076 1344 1172 Quynok
1371 1085 1411 1152 et
1441 1101 1465 1152 a
1491 1078 1587 1152 disto
1620 1078 1740 1174 lapide
1771 1105 1835 1177 per

501 1198 682 1292 quoddam
700 1193 806 1270 'vetus
829 1197 902 1270 iter
924 1191 1036 1289 usque
1051 1192 1100 1266 ad
1115 1188 1310 1284 quemdam
1326 1184 1506 1263 maristum
1528 1191 1625 1264 inter
1642 1189 1834 1288 Morobory

501 1317 541 1382 et
557 1307 755 1384 Potkellok
767 1303 1048 1380 descendentem
1062 1302 1112 1376 ad
1123 1300 1318 1394 quemdem
1327 1301 1484 1374 rinulum
1499 1303 1563 1396 qui
1579 1311 1730 1376 voeatur
1744 1301 1836 1376 Hal·

500 1420 606 1494 dikat
622 1428 661 1492 et
676 1441 742 1514 per
758 1415 939 1492 Haldikat
962 1410 1150 1509 quousque
1175 1408 1315 1486 Glosset
1339 1410 1522 1488 deseendit
1536 1414 1577 1487 in
1593 1412 1773 1490 Haldikat
1796 1431 1834 1490 et

501 1527 551 1605 sie
566 1554 593 1605 a·
605 1524 745 1604 Glaiset
760 1523 871 1620 vsque
887 1525 934 1599 ad
950 1535 1056 1598 vetus
1071 1524 1145 1596 iter
1159 1523 1257 1616 quod
1273 1522 1455 1600 deseendit
1471 1522 1592 1600 versun
1607 1525 1779 1623 Bellotyn
1795 1539 1834 1600 et

501 1647 556 1716 ita
571 1665 594 1715 a
609 1641 705 1714 diito
728 1639 860 1711 itinere
881 1632 1131 1709 deseendendo
1147 1634 1194 1710 nd
1218 1639 1410 1730 quemdam
1432 1638 1593 1712 aiunlnm
1609 1641 1672 1733 qai
1688 1653 1835 1714 tonatur

502 1753 668 1846 Donerty
700 1757 741 1822 et
770 1751 826 1821 ita
863 1747 1002 1821 ditium
1034 1746 1195 1820 riuulum
1234 1746 1413 1844 sequendo
1445 1746 1630 1845 quousque
1670 1749 1835 1848 Donerty

502 1861 686 1938 deseendit
713 1861 752 1932 in
779 1858 972 1954 quemdam
997 1857 1159 1931 riuulum
1182 1860 1246 1954 qui
1262 1871 1410 1936 voeatar
1434 1860 1607 1960 Pelgonir
1630 1873 1671 1938 et
1695 1864 1748 1938 ita
1770 1887 1835 1960 per

500 1975 658 2050 mediam
691 1970 919 2045 Monmaden
951 1967 1063 2064 usque
1095 1970 1142 2044 ad
1176 1973 1370 2066 quemdam
1399 1973 1559 2048 riunlum
1589 1976 1654 2070 qai
1686 1987 1835 2051 tumtur

500 2083 696 2182 Donyseby
723 2084 787 2179 qui
815 2080 1002 2156 deseendit
1026 2083 1067 2156 in
1093 2081 1215 2156 laeam
1247 2085 1311 2179 qui
1337 2095 1484 2160 voantur
1507 2083 1695 2184 Lougyter
1717 2099 1758 2162 et
1781 2091 1834 2162 ita

501 2196 750 2274 descendendo
774 2215 840 2291 per
861 2191 999 2290 Donisy
1014 2189 1126 2289 usque
1148 2194 1196 2268 ad
1220 2197 1336 2291 capud
1360 2199 1406 2272 de
1427 2196 1620 2294 Toliboyer
1644 2211 1685 2276 et
1700 2226 1725 2277 a
1738 2201 1835 2274 Toli-

501 2310 611 2408 boyer
634 2332 703 2404 per
727 2308 920 2404 quemdam
942 2307 1104 2380 aiunlum
1123 2309 1187 2402 qni
1214 2318 1364 2382 venatur
1386 2309 1524 2406 Dierdy
1547 2313 1611 2407 qui
1633 2315 1746 2388 enuit
1769 2337 1834 2410 per

499 2424 661 2498 medium
676 2421 878 2497 Dundauan
894 2457 905 2480 ·
921 2421 976 2494 ita
991 2417 1242 2496 desoendendo
1265 2425 1304 2497 in
1329 2421 1408 2496 Dae
1428 2422 1468 2496 in
1493 2423 1575 2498 loeo
1598 2425 1661 2519 qai
1685 2437 1835 2500 voeatm

500 2531 684 2610 Collestan
705 2556 790 2608 cum
813 2531 982 2607 omnibus
1006 2533 1239 2630 pertinentija
1261 2544 1301 2609 et
1325 2529 1551 2630 aydamentia
1575 2536 1769 2610 earundem
1793 2539 1832 2610 iu

499 2649 612 2743 pratia
635 2644 773 2743 paseuia
797 2645 907 2718 moria
933 2638 1092 2740 mareslja
1115 2642 1231 2720 bosoia
1254 2645 1410 2742 piscarija
1435 2645 1503 2740 vija
1525 2642 1661 2721 semitis
1682 2645 1833 2742 pasturis

499 2757 752 2832 venationibus
765 2751 953 2860 stagniuot
963 2754 1183 2831 molendinia
1198 2780 1284 2832 anm
1299 2757 1464 2832 omnibns
1475 2755 1559 2853 alda
1571 2779 1643 2852 qne
1657 2758 1705 2832 ad
1720 2759 1834 2832 didas

499 2882 613 2946 terras
629 2866 722 2942 iuste
746 2857 934 2970 pertinedt
958 2879 1024 2942 aut
1047 2868 1088 2942 iu
1112 2863 1296 2964 posterum
1312 2869 1490 2963 pertinere
1514 2869 1676 2964 poterint
1692 2909 1703 2928 ·
1720 2867 1832 2944 Dedi·

498 3003 580 3056 mua
614 2978 759 3076 insuper
787 2990 828 3054 et
860 2974 1095 3084 oonoeffimua
1127 2977 1225 3054 dieto
1253 2977 1417 3076 hospitali
1451 2979 1498 3054 ad
1535 2975 1831 3058 sustentationem

499 3095 651 3168 fratrum
689 3091 771 3164 Deo
804 3101 844 3164 et
876 3092 984 3198 beate
1018 3089 1140 3166 Marie
1175 3093 1313 3166 ibidem
1350 3090 1583 3166 seruientium
1617 3094 1831 3168 autoritate

498 3205 714 3280 venerabilia
739 3205 852 3300 patria
885 3201 917 3276 P
949 3191 1059 3276 *Dei
1086 3205 1205 3300 gratia
1232 3199 1498 3278 Aberdonensia
1533 3202 1689 3302 episcopi
1721 3208 1832 3280 inter·

498 3321 672 3392 ueniente
700 3327 740 3389 et
768 3309 906 3388 assensu
934 3336 1004 3388 neo
1031 3337 1107 3388 non
1137 3324 1177 3388 et
1204 3317 1355 3413 capituli
1380 3313 1650 3392 Aberdonensia
1682 3317 1830 3394 eoeleste

499 3431 694 3506 aecedente
719 3424 890 3503 consensu
916 3421 1103 3500 eeclesiam
1121 3427 1168 3501 de
1184 3427 1405 3525 Kyneardyn
1427 3427 1536 3502 oneie
1559 3451 1645 3503 eum
1664 3432 1829 3504 omnibns

497 3540 570 3616 saia
592 3539 822 3637 pertinentija
838 3549 878 3612 at
893 3539 983 3612 duaa
1006 3561 1108 3612 aerae
1129 3541 1168 3612 in
1185 3540 1318 3635 quibua
1340 3536 1405 3614 sita
1427 3537 1483 3614 est
1506 3535 1657 3615 eeclesia
1672 3540 1717 3616 de
1734 3541 1830 3616 lon·

497 3655 605 3728 mnan
630 3673 717 3726 eam
739 3653 818 3724 ime
841 3659 1054 3747 patronatus
1081 3647 1242 3728 eiusdem
1266 3648 1413 3726 enoiosa
1436 3671 1522 3726 eum
1546 3651 1686 3748 eapella
1699 3649 1763 3727 sna
1782 3655 1828 3727 de

499 3765 677 3860 Fortbery
691 3763 739 3837 ad
754 3761 908 3837 eandem
923 3759 1111 3838 eeclesiam
1136 3761 1321 3860 spoliante
1335 3773 1373 3836 et
1387 3783 1471 3838 aum
1487 3763 1656 3838 amnibus
1681 3763 1827 3840 deeimia

496 3875 774 3952 rediitadInibna
786 3873 1017 3948 libertatibus
1032 3886 1073 3950 et
1089 3875 1171 3971 nlija
1181 3875 1409 3974 pertinentiis
1422 3876 1470 3950 ad
1486 3873 1599 3950 duaa
1611 3873 1777 3950 aeclesiae
1788 3890 1827 3952 et

497 3987 673 4086 eapellam
700 3981 795 4060 inste
817 3981 1061 4082 spoliantibus
1087 4029 1098 4050 ·
1123 3985 1185 4061 Ita
1207 3984 1346 4062 seilioet
1368 3985 1464 4083 quod
1490 3984 1628 4064 didlum
1652 3984 1827 4085 hospitale

496 4113 536 4178 et
561 4102 692 4176 botran
715 4093 874 4172 eiusdem
902 4097 1089 4195 hospitalia
1113 4101 1237 4174 omnia
1263 4095 1558 4173 maedianum
1586 4107 1762 4174 tenuram
1786 4115 1826 4175 et

495 4207 727 4290 ecelesiarum
741 4229 808 4307 pro
822 4205 940 4284 salute
964 4207 1087 4286 nostin
1100 4221 1141 4286 et
1157 4205 1414 4286 mateoefl'orom
1429 4219 1542 4307 atque
1558 4209 1731 4286 beandam
1747 4211 1825 4287 nos·

494 4303 633 4404 tiorum
659 4319 725 4398 sibi
749 4329 956 4396 teneatue
970 4317 1174 4419 poffideant
1189 4320 1392 4398 inlibatam
1416 4344 1543 4419 puram
1557 4332 1598 4398 et
1613 4335 1824 4420 perpetuam

494 4432 726 4514 elemosinam
752 4433 843 4510 adeo
866 4431 981 4510 libere
1005 4442 1048 4509 et
1070 4436 1196 4530 quieta
1218 4432 1379 4530 pleumie
1402 4435 1544 4532 integre
1565 4434 1825 4512 etaebonorifioe

495 4547 587 4626 siout
601 4547 724 4644 aliqua
738 4541 933 4622 elemosina
947 4566 971 4620 a
985 4543 1180 4621 collatione
1201 4545 1354 4622 abanim
1374 4545 1517 4621 urania
1541 4547 1580 4620 iu
1604 4553 1685 4620 toto
1713 4569 1823 4645 regno
