4590 5954
432 685 478 758 36
956 683 1266 760 REGISTRUM
1629 691 1781 787 [ascum

434 883 638 976 potationes
662 884 856 956 herbarum
884 884 1155 955 mortiferarum
1183 881 1290 952 alicui
1318 883 1481 956 conserat
1509 890 1687 982 egrotanti
1714 910 1781 959 nec

434 993 569 1087 aliquid
588 991 812 1091 sortilegium
831 995 943 1069 saciat
961 995 1019 1068 vel
1037 1001 1208 1067 exerceat
1227 1033 1235 1050 ·

700 1216 931 1291 LXXXIII.
959 1218 1019 1292 De
1035 1216 1232 1312 capellanis
1249 1214 1493 1286 conducendis
1511 1254 1519 1272 ·

436 1437 532 1508 Item
555 1438 786 1530 prohibemus
804 1462 852 1510 na
870 1441 951 1532 quia
977 1441 1174 1535 recipiatur
1190 1436 1398 1533 capellanus
1415 1435 1460 1506 ad
1477 1458 1599 1508 curam
1616 1439 1780 1530 parochie

435 1549 569 1620 ibidem
595 1571 732 1622 moram
758 1550 919 1622 latiturus
945 1551 992 1624 ad
1017 1551 1139 1622 minus
1163 1573 1271 1644 quarn
1297 1572 1362 1643 per
1387 1549 1491 1622 vuius
1517 1549 1602 1618 anni
1628 1547 1778 1641 spatium

436 1683 502 1731 nec
532 1660 616 1730 inde
648 1655 723 1732 sine
753 1661 963 1733 rationabili
994 1660 1100 1734 causa
1134 1661 1385 1736 archidiacono
1414 1655 1577 1752 exposita
1603 1660 1779 1731 recedat·

436 1768 691 1842 Dil'ccdentem
711 1793 797 1844 vero
823 1767 959 1864 absque
984 1772 1100 1848 literis
1126 1771 1365 1846 archidIaeoni
1393 1770 1514 1844 nullus
1538 1771 1668 1844 audeat
1693 1771 1781 1842 reei-

434 1902 519 1973 pere
536 1890 600 1952 aut
618 1889 744 1954 tenere
762 1921 770 1937 ·

985 2206 1188 2308 explicit
1211 2245 1227 2270 ·

830 2761 964 2834 Forma
980 2763 1367 2836 excommunicationis
1385 2801 1393 2818 ·

432 2988 487 3058 Ex
514 2986 729 3058 austeritate
749 2984 819 3056 Dei
847 2989 963 3077 patris
989 2985 1250 3077 omnipotentis
1268 2994 1307 3055 et
1325 2983 1355 3054 F
1357 2985 1407 3075 ilij
1426 2996 1464 3054 et
1486 2983 1642 3076 Spiritus
1667 2983 1774 3058 sanni

430 3121 496 3169 nec
509 3119 580 3166 non
592 3106 630 3166 et
641 3091 759 3166 sande
773 3094 842 3166 Dei
857 3095 1055 3190 genetricis
1066 3092 1186 3165 hlarie
1197 3104 1235 3165 et
1246 3091 1357 3166 sannen
1371 3093 1562 3164 Michaelis
1573 3095 1773 3190 archangeli

429 3222 467 3279 et
484 3207 644 3278 oninium
663 3204 876 3299 angelorum
895 3215 934 3276 et
951 3202 1248 3298 archangelorum
1266 3219 1305 3276 et
1322 3202 1431 3275 sandi
1445 3203 1596 3276 Joannis
1613 3205 1774 3300 Baptisle

428 3334 464 3390 et
492 3319 654 3388 omniunt
681 3317 965 3410 patriarcharum
985 3328 1023 3387 et
1045 3317 1300 3409 prophetarum
1319 3329 1357 3386 et
1376 3314 1576 3388 ianitorum
1601 3316 1774 3410 apostolo-

428 3451 508 3500 rum
526 3439 564 3500 et
582 3422 893 3520 ewangelistarum
918 3428 1169 3498 innocentium
1193 3429 1382 3498 martirum
1406 3421 1639 3498 consessorum
1665 3442 1774 3522 atque

429 3541 605 3632 virginum
632 3547 670 3609 ct
695 3539 857 3608 omnium
890 3535 1080 3610 celestium
1104 3540 1279 3609 virtutum
1307 3549 1345 3610 ct
1371 3535 1570 3610 suedorum
1596 3563 1771 3613 canonum

427 3665 466 3724 et
483 3647 591 3722 nolIri
609 3644 795 3741 ministerij
814 3651 1176 3721 excommunicamus
1192 3649 1429 3741 dampnamus
1454 3653 1772 3722 arrutematIzamos

426 3776 465 3833 et
482 3785 503 3834 a
521 3758 697 3834 limitibus
714 3757 835 3830 salide
857 3761 984 3832 matris
1002 3759 1072 3832 Dei
1091 3755 1239 3832 ecclesie
1256 3757 1516 3853 sequestramus
1540 3783 1665 3832 omnes
1689 3786 1773 3834 cern·

425 3873 614 3966 spiratores
643 3881 771 3942 contra
801 3873 964 3964 proprios
995 3869 1179 3966 episcopos
1209 3869 1267 3942 rel
1296 3870 1434 3942 allenos
1463 3872 1564 3965 regni
1596 3869 1653 3943 l'eu
1683 3873 1771 3944 alios

424 3982 582 4078 prelatos
609 3989 648 4052 et
676 4002 804 4052 omnes
829 3980 1136 4076 conspiratoribus
1163 3979 1429 4055 eonsentientes
1455 4007 1499 4052 eo
1522 3982 1617 4074 quod
1647 4006 1770 4056 omnes

424 4093 516 4167 tales
532 4088 718 4163 seismntIei
731 4088 815 4163 sunt
828 4104 867 4164 et
886 4095 1040 4166 infames
1055 4093 1421 4166 Exeomnrunieamus
1439 4095 1548 4164 etiarn
1567 4101 1768 4190 omnesqui

422 4202 526 4278 eausa
543 4201 799 4274 matrimoniali
819 4201 876 4274 rel
894 4203 966 4276 alia
984 4205 1111 4278 salliun
1138 4204 1331 4299 perhibent
1355 4201 1600 4277 testimonium
1617 4206 1769 4281 scienter

421 4314 654 4408 exceptiones
682 4311 865 4386 malleiosc
891 4327 1083 4409 opponunt
1109 4315 1165 4389 rel
1194 4317 1326 4410 opponi
1356 4327 1550 4408 procurant
1576 4319 1633 4389 rel
1661 4315 1767 4392 testes

419 4429 614 4499 subornant
633 4423 689 4494 tel
708 4423 745 4494 id
764 4424 840 4496 lieri
860 4439 1057 4518 procurant
1075 4431 1112 4499 ln
1130 4425 1235 4500 causa
1253 4427 1508 4499 matrimoniali
1526 4465 1535 4483 ·
1551 4425 1767 4502 Exeourmu·

419 4543 580 4612 nicomas
596 4557 723 4608 omnes
738 4533 821 4608 illot
834 4537 896 4630 qui
915 4559 1041 4632 pacem
1056 4538 1168 4636 Regis
1183 4551 1223 4610 et
1239 4539 1340 4634 regni
1358 4539 1570 4632 perturbant
1587 4551 1626 4613 et
1643 4564 1766 4614 ornnes
