4564 5968
494 732 577 827 xe]
961 734 1371 810 nnnnnonnuss.
1776 745 1844 810 nr,

491 931 586 1004 Item
613 936 685 1006 due
702 939 811 1010 mitre
828 978 837 995 ·
856 963 927 1012 vna
944 937 1103 1034 preciosa
1120 939 1166 1009 de
1185 937 1309 1031 perllis
1326 947 1365 1008 et
1383 935 1562 1028 lapidibus
1579 931 1746 1028 preciosis
1764 945 1802 1006 et
1820 961 1842 1007 a

538 1057 642 1139 parte
659 1060 745 1122 ante
763 1052 826 1145 xiij
842 1052 981 1146 lapides
1008 1050 1220 1122 deficientes
1246 1061 1286 1120 et
1309 1071 1331 1119 a
1354 1057 1458 1140 parte
1484 1043 1563 1139 post
1580 1050 1620 1140 xj
1638 1046 1777 1140 lapides
1795 1047 1840 1116 de

538 1159 667 1250 quibus
688 1161 825 1236 restant
850 1168 884 1259 vj
912 1164 1051 1259 lapides
1068 1164 1105 1232 iu
1124 1157 1213 1232 cista
1238 1159 1425 1230 communi
1450 1169 1490 1228 et
1516 1169 1589 1230 tres
1615 1160 1767 1231 fanones
1793 1157 1838 1228 de

536 1271 631 1344 dicia
655 1277 764 1350 mitra
781 1287 1012 1348 remanentes
1030 1276 1068 1343 in
1086 1273 1181 1344 dicta
1205 1268 1293 1342 cista
1316 1280 1355 1340 et
1380 1272 1450 1343 tna
1474 1270 1632 1362 peudilia
1657 1295 1766 1343 aurea
1792 1272 1837 1342 de

535 1384 754 1460 dictamina
771 1391 808 1460 in
827 1388 988 1482 predicta
1005 1381 1094 1456 eilia
1111 1393 1150 1452 et
1167 1392 1337 1473 quartum
1356 1382 1504 1476 pendile
1521 1383 1647 1455 absens
1665 1424 1674 1441 ·

488 1493 534 1567 Et
551 1497 669 1573 altera
686 1505 795 1572 mitra
812 1501 858 1572 de
876 1497 988 1570 serico
1006 1497 1180 1566 deaurata
1198 1517 1280 1564 cum
1300 1494 1479 1587 lapidibus
1497 1535 1505 1552 ·

483 1605 579 1682 Item
597 1613 670 1684 dno
687 1615 786 1707 paria
811 1609 1086 1706 cyrothecarum
1113 1629 1178 1700 pro
1205 1603 1371 1700 episcopo
1391 1631 1473 1678 curn
1492 1608 1633 1680 duobus
1652 1608 1833 1702 jocalibus

529 1727 757 1820 ymaginibus
774 1722 976 1794 sanctorum
993 1719 1123 1790 Jacobi
1137 1731 1176 1789 et
1188 1717 1367 1789 Iohannis
1386 1717 1532 1791 inclusas
1545 1763 1553 1778 ·
1568 1731 1607 1791 et
1625 1722 1662 1790 in
1680 1723 1832 1793 circum·

531 1835 696 1930 senencijs
714 1835 912 1906 deaurata·
931 1832 1018 1902 data
1034 1853 1099 1924 per
1124 1830 1312 1900 dominum
1332 1828 1494 1902 nostrum
1521 1831 1723 1913 llenricum
1742 1833 1829 1926 epil'-

529 1969 660 2042 copurn
679 1943 948 2018 Morauiensem
966 1982 975 1998 ·

478 2057 572 2130 Item
601 2080 693 2129 snus
719 2079 872 2151 magnus
900 2055 1031 2128 anulus
1058 2077 1189 2126 aurem
1215 2067 1254 2126 et
1280 2054 1451 2128 notabilis
1477 2066 1622 2128 tantum
1648 2080 1713 2151 pro
1740 2056 1829 2152 epis-

526 2193 615 2263 copo
650 2170 872 2242 conueniens
907 2191 990 2240 cum
1025 2190 1158 2262 magno
1191 2164 1332 2260 saphiro
1371 2179 1410 2240 et
1432 2168 1627 2266 ¹lapidibus
1662 2169 1828 2264 preciolis

525 2277 671 2352 inclulis
689 2281 794 2351 datus
812 2303 877 2374 per
894 2280 1149 2352 Alexandrum
1166 2280 1373 2373 episcopum
1391 2317 1399 2336 ·

475 2392 571 2464 Item
590 2394 661 2463 duo
679 2393 796 2464 baculi
817 2389 1011 2486 pastorales
1037 2393 1083 2462 de
1101 2401 1252 2486 argento
1270 2415 1424 2484 quorum
1453 2416 1543 2464 vnus
1560 2391 1613 2464 est
1632 2395 1827 2467 deauratus

523 2515 562 2576 et
579 2516 690 2598 caput
714 2502 864 2575 alterius
882 2504 1001 2576 baculi
1026 2503 1240 2575 deauratum
1259 2515 1298 2575 et
1316 2504 1445 2575 melior
1471 2506 1619 2578 baculus
1637 2507 1745 2580 datus
1762 2533 1826 2602 per

522 2615 775 2688 Alexandrum
794 2616 1001 2711 episcopum
1020 2657 1028 2673 ·

473 2726 568 2799 Item
597 2730 669 2800 duo
694 2726 814 2823 tyllris
832 2729 1132 2824 euuangeliorum
1158 2767 1166 2783 ·
1189 2750 1300 2798 snum
1319 2729 1365 2799 de
1383 2740 1534 2822 argento
1552 2730 1766 2800 deauratum
1785 2747 1823 2802 ct

521 2841 619 2912 aliud
638 2842 684 2912 dc
701 2841 881 2914 auricalco
894 2843 1109 2913 deauratum
1124 2863 1280 2934 quorum
1293 2863 1404 2911 virum
1419 2853 1519 2912 carot
1532 2844 1702 2936 ymagine
1717 2843 1823 2916 beate

519 2975 692 3046 virginis·

472 3063 566 3135 Item
584 3075 740 3156 quatuor
757 3064 894 3139 serenio
912 3088 1044 3162 magna
1062 3089 1126 3160 pro
1146 3067 1247 3137 libris
1265 3076 1325 3137 etc
1345 3106 1354 3122 ·

470 3174 566 3248 Item
584 3179 745 3269 quinquo
762 3173 852 3250 ciste
869 3180 1026 3250 rotunde
1044 3179 1090 3250 de
1108 3180 1233 3272 prucis
1250 3175 1367 3249 scrate
1385 3217 1393 3232 ·

470 3289 565 3361 Item
592 3287 653 3361 sex
680 3304 809 3383 cagote
826 3314 959 3385 magne
976 3315 1128 3384 quarum
1149 3313 1221 3362 vna
1246 3292 1316 3361 fuit
1342 3286 1517 3361 distructa
1541 3303 1706 3385 tempore
1724 3293 1819 3387 Tyn-

517 3424 698 3496 nyngamc
716 3403 958 3475 archidiaconi
978 3445 987 3460 ·

468 3513 563 3586 Item
583 3516 600 3607 j
620 3527 724 3610 grate
741 3514 883 3586 lotoron
905 3538 988 3586 cum
1017 3515 1092 3607 iiij⁰'
1117 3514 1345 3587 candelabris
1367 3515 1460 3584 ereis
1486 3517 1626 3608 magnis
1644 3517 1690 3587 de
1707 3519 1817 3590 dona-

516 3629 615 3699 tione
634 3627 835 3698 Alexandri
855 3625 1011 3721 episcopi
1030 3666 1039 3684 ·

466 3739 562 3812 Item
581 3751 737 3834 quatuor
753 3741 824 3812 alia
841 3739 1059 3813 candelabra
1076 3740 1253 3831 antiqua·

465 3852 562 3926 Item
580 3853 653 3924 duo
672 3853 887 3925 candelabra
905 3875 969 3948 pro
988 3874 1119 3946 magno
1136 3851 1243 3923 altari
1255 3851 1301 3924 de
1318 3852 1517 3924 donatione
1535 3848 1692 3945 magistri
1712 3853 1815 3926 lleu-

514 3967 577 4038 rici
596 3963 728 4059 Rynde
746 3965 957 4057 tlresaurarij
977 4006 985 4022 ·

464 4076 561 4150 Item
579 4089 735 4171 quatuor
752 4076 884 4172 eusyne
902 4078 948 4149 de
966 4079 1062 4149 dono
1088 4077 1226 4148 domini
1246 4073 1398 4148 Ilenrici
1415 4074 1583 4168 Lyclrton
1602 4076 1759 4172 episcopi
1778 4121 1786 4138 ·

463 4187 559 4261 Item
584 4191 859 4260 memorandum
883 4189 980 4283 quod
1008 4188 1192 4262 chricus
1218 4189 1265 4262 de
1293 4188 1461 4283 Lycbton
1489 4184 1677 4282 opiscopus
1695 4191 1813 4264 Aber-

510 4295 677 4373 donensrs
694 4300 851 4373 contulit
869 4301 1039 4374 incudem
1065 4323 1236 4397 magnam
1259 4299 1410 4374 ecclesie
1436 4311 1476 4372 et
1501 4304 1685 4374 canonicis
1702 4303 1813 4376 Abir-

510 4406 726 4485 doneusrbus
752 4415 868 4506 primo
894 4413 953 4486 dle
976 4411 1108 4486 menlis
1132 4413 1299 4508 lanuarij
1325 4435 1421 4486 sarno
1447 4412 1595 4484 Domini
1621 4413 1812 4490 millelimo

508 4519 862 4620 quadringentesimo
879 4522 1059 4598 trioclimo
1081 4524 1235 4622 septimo
1252 4565 1261 4584 ·

460 4637 556 4710 Item
573 4659 646 4708 vna
661 4635 833 4708 cathedra
850 4638 989 4732 ferrea·
1045 4621 1142 4711 lteln
1158 4662 1182 4711 a
1198 4635 1350 4713 crcll'ent
1367 4676 1376 4692 ·

509 4769 593 4822 von.
612 4769 654 4821 11.
1119 4771 1144 4822 τ
