4590 5954
505 728 616 823 xiia]
981 727 1388 810 ABERDONENSE.
1812 747 1859 811 33

503 1037 692 1220 ΒξΧΙΙΙ.
720 1039 826 1126 Quod
857 1046 992 1137 periuri
1022 1047 1061 1116 in
1087 1041 1343 1116 matrimoniali
1370 1037 1475 1112 eausa
1501 1041 1671 1114 mittendi
1699 1040 1855 1114 suntad

501 1173 559 1242 epi
578 1174 708 1244 copam
728 1194 736 1210 ·

500 1371 598 1443 Item
625 1369 802 1449 statutum
830 1401 853 1449 a
879 1369 1123 1470 predecessore
1154 1369 1274 1441 nostro
1300 1372 1439 1443 editum
1470 1376 1677 1447 innouando
1702 1375 1854 1447 firmiter

498 1484 730 1576 probibemus
747 1513 794 1559 ne
812 1485 998 1582 presbyter
1022 1482 1236 1578 paroehialis
1261 1483 1416 1574 aliquem
1436 1487 1472 1555 in
1491 1481 1603 1557 causis
1629 1489 1852 1557 matrimoni-

498 1593 615 1667 alibus
633 1610 697 1669 aut
714 1599 794 1692 aliJs
811 1598 1011 1692 spontanee
1037 1597 1261 1686 peierantem
1279 1597 1321 1666 ad
1342 1592 1596 1667 consessionem
1613 1593 1780 1689 suscipiat
1798 1596 1852 1668 set

497 1727 623 1780 omnes
650 1709 741 1782 tales
766 1710 813 1781 ad
838 1705 996 1779 nostram
1024 1701 1246 1800 presenciam
1265 1709 1412 1778 veniant
1434 1707 1576 1779 anobis
1601 1710 1848 1800 penetentiain

498 1822 679 1913 recepturi
694 1861 703 1876 ·

798 2038 1009 2112 LXXIIII.
1038 2039 1095 2112 De
1112 2040 1275 2133 exequijs
1293 2050 1515 2112 mortuorum
1533 2082 1542 2098 ·

496 2261 592 2334 item
627 2265 671 2334 ad
707 2265 835 2334 funera
865 2273 904 2334 et
938 2260 1126 2354 exsequias
1160 2274 1384 2334 mortuorum
1421 2263 1592 2335 laicorum
1627 2274 1756 2334 cantus
1788 2263 1843 2334 vel

493 2373 641 2446 choreas
666 2374 743 2446 fieri
769 2374 1003 2466 probibemus
1029 2397 1111 2445 cum
1139 2397 1212 2444 non
1235 2375 1362 2446 deceat
1380 2375 1425 2446 de
1442 2375 1592 2447 aliorum
1612 2374 1701 2444 sletu
1727 2376 1845 2444 ridere

493 2482 545 2555 set
563 2484 699 2555 ibidem
717 2486 844 2576 pocius
861 2485 907 2556 ‹le
922 2480 1127 2554 huiusmodi
1145 2481 1190 2555 sit
1208 2485 1329 2556 dolere
1347 2526 1355 2540 ·

494 2703 658 2776 LXXV.
677 2704 784 2788 Quod
804 2704 900 2774 lutto
919 2714 957 2774 et
976 2703 1051 2773 ludi
1070 2726 1142 2773 non
1158 2704 1246 2775 fiant
1266 2707 1302 2775 in
1321 2699 1478 2796 ceclesrjs
1495 2726 1561 2775 nec
1580 2704 1615 2774 iu
1630 2706 1840 2796 cimiterijs·

493 2923 590 2996 Huic
623 2926 733 2996 etiarn
764 2925 999 3018 prohibitioni
1029 2925 1200 2995 duximus
1231 2926 1496 2996 admittendum
1525 2934 1566 2996 vt
1596 2928 1631 2996 in
1663 2925 1842 3018 aliquibus

491 3032 750 3107 festiuitatibus
776 3037 871 3107 infra
896 3030 1065 3106 ecclesias
1083 3036 1139 3106 vel
1162 3038 1339 3107 cimiteria
1366 3036 1460 3108 iuste
1478 3035 1536 3106 rel
1563 3034 1637 3106 ludi
1656 3038 1703 3108 de
1719 3051 1841 3109 cetero

488 3147 564 3217 sieri
583 3170 655 3216 non
674 3147 937 3240 permittantur
954 3149 1067 3238 etqui
1086 3158 1145 3218 ter
1161 3149 1322 3218 monitus
1334 3171 1356 3217 a
1370 3143 1552 3218 sacerdote
1570 3145 1638 3218 loci
1656 3148 1703 3217 ab
1721 3149 1841 3218 liuius-

487 3259 585 3330 modi
613 3255 745 3329 cessare
769 3257 930 3329 noluerit
957 3255 1130 3353 ingressus
1155 3254 1306 3330 ecclesie
1332 3257 1568 3328 interdicatur
1592 3258 1711 3327 eidem
1736 3299 1745 3315 ·
1765 3261 1836 3343 Qui

488 3367 674 3462 suspensus
695 3392 716 3440 a
737 3366 800 3440 sua
826 3367 1023 3441 insolencia
1049 3392 1120 3441 non
1148 3365 1326 3440 destiterit
1352 3369 1735 3440 excommunicationis
1761 3369 1838 3440 seu-

487 3481 607 3550 teneie
627 3480 822 3551 innodetur
840 3521 847 3536 ·

489 3699 673 3772 erXVl.
692 3700 799 3785 Quod
819 3701 1082 3772 sacramentum
1096 3696 1310 3772 eucharistie
1324 3695 1398 3770 sine
1410 3699 1592 3771 oblatione
1607 3701 1813 3773 celebretur
1829 3747 1835 3761 ·

484 3922 582 3994 ltem
613 3922 820 3994 audiuimus
845 3947 867 3994 a
890 3918 1103 4015 quibusdam
1129 3943 1213 3992 eum
1245 3923 1281 3990 in
1308 3921 1366 3992 die
1393 3918 1528 3992 Paselre
1551 3920 1676 3993 sideles
1703 3921 1835 3996 Ciuisli

484 4031 661 4126 suscipere
678 4032 815 4104 debent
837 4028 1052 4104 eucharistie
1074 4028 1337 4103 sacramentum
1360 4030 1504 4123 quidam
1524 4030 1719 4127 presius-eri
1739 4038 1833 4126 qaod

483 4143 650 4215 dolentes
676 4144 864 4216 referimus
890 4142 981 4214 illud
1005 4137 1163 4236 prestare
1180 4142 1363 4235 denegant
1388 4143 1619 4235 impudenter
1644 4142 1709 4216 nisa
1737 4149 1835 4239 prius

483 4254 687 4326 oblationes
713 4253 792 4326 suas
814 4265 904 4326 tunc
930 4256 1115 4348 porrigant
1133 4252 1179 4324 ad
1201 4251 1315 4324 altare
1333 4263 1371 4324 et
1388 4254 1515 4324 eodem
1542 4255 1601 4327 ‹lie
1626 4255 1836 4328 exustiones

484 4367 623 4437 iaciunt
642 4388 663 4434 a
681 4363 781 4436 laicis
802 4387 932 4458 corpus
950 4360 1083 4436 Christi
1109 4373 1278 4435 tenentes
1301 4365 1337 4434 in
1357 4364 1522 4435 manibus
1539 4388 1580 4436 ac
1599 4360 1625 4434 sr
1643 4365 1833 4437 dicerent.-

483 4476 582 4562 Quid
610 4475 696 4545 milri
723 4475 836 4546 vult-is
866 4477 952 4546 dare
982 4485 1020 4546 et
1048 4497 1117 4569 ego
1144 4497 1228 4545 eum
1255 4475 1355 4545 robis
1381 4475 1520 4546 tradam
1539 4516 1547 4533 ·
1566 4475 1674 4560 Quod
1704 4478 1834 4548 amorio

483 4587 561 4659 sieri
579 4585 811 4680 probibemus
828 4583 894 4657 sub
911 4583 1154 4658 obtestatione
1172 4585 1287 4656 diuini
1310 4585 1430 4678 iudicij
1449 4582 1642 4659 distriaiur
1659 4627 1667 4642 ·
1687 4591 1836 4680 permit-

535 4717 619 4769 voa.
638 4717 678 4767 n.
1147 4718 1170 4766 r:
