4590 5954
979 717 1286 793 REGISTRUM
1656 723 1806 820 [secum

590 1032 638 1104 X.
666 1031 771 1118 Quod
789 1029 909 1122 vicarij
928 1027 1164 1103 sufficientem
1181 1029 1339 1104 habeant
1356 1026 1654 1104 sustentationem
1672 1073 1680 1092 ·

467 1253 527 1328 Ad
553 1257 620 1328 hec
644 1251 832 1326 statuimus
848 1269 889 1324 vt
906 1253 1027 1347 vicarij
1046 1250 1275 1327 ecclesiarum
1301 1251 1539 1326 sufficientem
1556 1263 1596 1326 et
1619 1252 1803 1328 honestam

466 1366 622 1440 habeant
646 1362 940 1437 sustentationem
966 1366 1012 1438 de
1037 1369 1273 1460 prouentibus
1298 1361 1530 1440 ecclesiarum
1547 1368 1716 1457 quoniam
1742 1371 1804 1460 qui

465 1476 570 1550 altari
595 1474 800 1548 deseruiu'nt
818 1476 863 1546 de
885 1472 994 1569 ipsius
1011 1489 1050 1551 et
1067 1475 1217 1551 ecclesie
1238 1478 1475 1573 prouentibus
1492 1479 1616 1548 viuere
1641 1477 1775 1550 debent
1794 1523 1802 1540 ·

466 1587 526 1661 Ite
545 1600 666 1662 tamen
683 1587 777 1680 quod
803 1588 920 1680 portio
938 1591 1058 1684 vicarij
1084 1613 1174 1684 puro
1198 1590 1311 1663 libem
1336 1590 1504 1662 omnibus
1528 1589 1697 1660 oneribus
1721 1587 1804 1662 sub-

465 1699 582 1774 ductis
599 1700 642 1771 ad
660 1699 777 1768 minus
795 1694 1058 1772 estimationem
1076 1703 1202 1773 decem
1223 1723 1424 1775 marearum
1442 1703 1601 1796 attinget
1619 1696 1645 1771 sr
1662 1701 1707 1771 ad
1733 1701 1802 1773 hoc

464 1811 655 1906 suppetant
667 1805 815 1882 ecclesie
828 1810 1041 1884 facultates·
1056 1811 1202 1884 Prouiso
1215 1815 1311 1906 quod
1328 1817 1366 1886 in
1379 1813 1628 1911 pinguioribus
1644 1810 1802 1906 ecclesrjs

463 1922 656 1997 secundum
681 1921 827 1992 modum
854 1922 1067 1994 facultatum
1085 1935 1124 1996 et
1142 1947 1252 1996 onero
1275 1924 1409 1999 eisdem
1436 1925 1684 1998 incumbentia
1708 1922 1802 1996 suffi-

463 2035 599 2107 cientes
616 2035 797 2126 portiones
814 2033 954 2126 riearijs
970 2029 1193 2128 assignentur
1210 2079 1218 2096 ·

836 2253 907 2326 XI.
935 2253 993 2327 Dc
1010 2253 1153 2328 Ornatu
1170 2256 1393 2330 Clericorum
1411 2295 1420 2314 ·

459 2480 521 2553 Ad
546 2480 612 2552 hee
630 2475 818 2552 statuimus
834 2477 931 2572 quod
950 2477 1108 2552 restores
1125 2490 1163 2552 et
1181 2479 1300 2572 ricorij
1319 2476 1551 2553 ecclesiarum
1569 2491 1608 2552 et
1625 2485 1735 2555 etiam
1761 2487 1799 2556 in

458 2593 693 2689 dignitatibus
718 2587 965 2663 constitutine
984 2587 1184 2665 sacerdotes
1201 2601 1239 2664 et
1256 2591 1378 2664 elerici
1405 2592 1499 2664 inira
1524 2591 1640 2665 sacros
1657 2595 1799 2667 ordines

458 2717 532 2778 tam
551 2705 588 2776 in
606 2702 699 2776 statu
716 2705 848 2774 mentis
865 2725 972 2794 quern
992 2705 1028 2774 in
1047 2705 1175 2776 habitu
1201 2706 1359 2798 corporis
1376 2704 1551 2776 decenter
1575 2707 1797 2779 induantur·

457 2817 577 2890 rubeis
602 2816 730 2910 pannis
756 2810 830 2887 siue
853 2813 1029 2887 viridibus
1053 2811 1115 2888 seu
1141 2817 1290 2912 virgatis
1318 2839 1393 2888 non
1419 2827 1571 2890 vtnntur
1593 2841 1662 2891 nec
1686 2823 1798 2894 etiam

457 2931 584 3024 pannis
599 2929 661 3020 qui
686 2927 796 2998 nimie
820 2927 1002 2999 breuitate
1019 2939 1194 2999 notentur
1211 2967 1220 2984 ·
1239 2929 1360 3020 vicarij
1379 2950 1524 3022 quoque
1541 2942 1581 3002 et
1597 2929 1798 3006 soceniotes

456 3035 1796 3138 clausodesuperhnbeuntindumenta·tonsuramdeferantcongruentem·

456 3175 503 3224 ne
519 3151 738 3223 intuentium
755 3169 906 3241 quorum
933 3148 1047 3222 sorma
1064 3161 1102 3222 et
1120 3149 1329 3243 exemplum
1356 3148 1427 3223 eisc
1452 3153 1590 3224 debent
1612 3155 1797 3230 oti'cudnnt

454 3261 632 3358 aspectum
659 3301 668 3318 ·
693 3259 788 3354 quod
814 3256 841 3330 sr
867 3259 913 3332 ab
940 3260 1127 3354 ordinarijs
1156 3263 1286 3334 moniti
1316 3263 1512 3334 emendare
1541 3264 1724 3340 noluerint
1749 3269 1795 3342 ab

455 3377 569 3449 edicio
585 3371 842 3469 suspendantur
857 3381 897 3444 ct
913 3369 1161 3446 ecclesiasticis
1178 3371 1386 3446 subiaceant
1404 3371 1601 3468 disciplinis
1620 3419 1628 3438 ·

563 3596 653 3670 ΧΠ.
679 3595 785 3683 Quod
802 3593 924 3668 nuilus
940 3593 976 3668 se
993 3597 1155 3668 intrudat
1175 3598 1211 3668 in
1230 3595 1407 3669 beneflcio
1423 3593 1661 3672 ecciesmstico
1679 3640 1689 3659 ·

454 3823 655 3896 Statuimus
675 3821 783 3892 etiarn
801 3819 895 3914 quod
922 3817 1045 3892 nulius
1070 3822 1187 3892 redor
1210 3832 1275 3893 eut
1293 3820 1448 3893 vicarius
1473 3817 1549 3893 sine
1574 3820 1792 3900 conscientia

454 3929 638 4030 dyocesani
655 3943 719 4004 aut
735 3933 812 4004 eius
829 3931 990 4004 officialis
1007 3930 1113 4025 super
1136 3932 1205 4005 hoc
1230 3929 1448 4027 potestatem
1474 3933 1643 4006 habentis
1660 3938 1696 4007 in
1715 3938 1792 4031 pos-

453 4041 636 4120 sessionem
652 4039 924 4116 ecclesiasticam
942 4044 1150 4116 intrudatur
1162 4045 1220 4116 nei
1233 4043 1391 4137 aliquam
1405 4045 1442 4116 in
1457 4044 1584 4118 eedem
1602 4067 1791 4124 cxi-creent

452 4151 792 4233 administrationem
810 4155 926 4247 etqui
953 4151 1054 4226 secus
1076 4156 1204 4228 feeerit
1226 4154 1423 4228 secundum
1449 4179 1627 4230 mnonum
1655 4159 1790 4236 sancita

452 4272 567 4346 aiore
587 4265 681 4360 quod
707 4261 769 4340 sibi
796 4265 985 4360 competijt
1009 4265 1137 4339 cadere
1162 4267 1274 4341 debet
1296 4279 1335 4340 et
1360 4266 1617 4342 nichilominus
1641 4273 1790 4347 arbitrio

452 4375 636 4478 dyocesani
652 4377 740 4452 elias
758 4377 938 4476 legittime
954 4379 1126 4474 puniatur
1143 4421 1152 4440 ·
