4526 5954
462 725 570 822 xus]
918 735 1329 812 ABERDONENSE.
1738 739 1809 812 aaa

460 927 718 1007 archidiaconis
735 949 774 1008 et
791 937 872 1032 alijs
889 936 1122 1013 ecclesiarum
1148 937 1298 1032 prelatis
1314 935 1361 1007 ad
1386 957 1476 1028 quos
1502 931 1683 1027 presentes
1706 937 1811 1010 litere

457 1047 691 1131 pemenerint
707 1047 862 1123 salutem
888 1061 927 1124 et
954 1049 1189 1146 apostolicam
1215 1046 1505 1118 benedictionem
1529 1082 1539 1101 ·
1566 1043 1653 1116 Non
1678 1045 1810 1140 absque

459 1152 582 1228 dolore
598 1161 715 1234 cordis
742 1173 781 1235 et
809 1163 966 1258 plurima
994 1159 1268 1256 perturbatione
1295 1156 1487 1228 didicimus
1504 1157 1599 1252 quod
1625 1159 1663 1230 in
1688 1158 1812 1250 pleris-

457 1288 528 1358 que
545 1273 707 1363 partibus
724 1271 965 1348 ecclesiastica
981 1269 1131 1346 censura
1157 1264 1361 1339 dissoluitur
1375 1275 1416 1340 et
1432 1272 1604 1343 canonice
1630 1267 1810 1342 sententie

457 1375 628 1457 seueritas
653 1399 850 1459 eneruatur
875 1395 916 1456 vt
940 1386 1007 1457 viri
1033 1375 1190 1475 religiosi
1220 1387 1259 1452 et
1283 1380 1334 1474 bij
1361 1383 1520 1454 maxime
1547 1384 1608 1476 qui
1626 1405 1691 1476 per
1717 1379 1809 1453 sedis

457 1489 649 1587 apostolice
665 1497 856 1593 priuilegia
872 1497 1001 1568 maiori
1020 1494 1145 1565 donati
1171 1489 1256 1564 sunt
1273 1491 1445 1567 libertate
1461 1489 1585 1588 passim
1603 1518 1625 1567 a
1641 1494 1810 1566 malefac-

457 1606 595 1682 toribus
620 1607 692 1681 suis
716 1611 864 1681 iniurias
889 1605 1091 1678 sustineant
1115 1613 1155 1676 et
1180 1606 1323 1699 rapinas
1348 1607 1437 1678 dum
1453 1609 1516 1678 rix
1542 1608 1727 1678 inuenitur
1746 1608 1808 1700 qui

456 1741 614 1814 congrua
631 1721 703 1792 illis
720 1720 945 1814 protedione
968 1715 1161 1790 subueniat
1178 1726 1218 1789 et
1235 1740 1300 1812 pro
1318 1718 1476 1790 fouenda
1491 1741 1689 1812 pauperum
1706 1720 1808 1789 inno·

456 1833 576 1905 centia
589 1829 625 1904 se
639 1852 783 1902 mamm
794 1825 1012 1902 defensionis
1024 1842 1186 1924 opponat
1202 1868 1211 1886 ·
1225 1827 1444 1925 specialiter
1460 1841 1583 1904 autem
1601 1830 1722 1902 diletti
1742 1829 1806 1924 filij

456 1943 584 2016 fratres
601 1941 788 2037 hospitalis
814 1939 1096 2014 Ierosoiimitani
1115 1951 1191 2015 tam
1208 1943 1255 2016 de
1273 1944 1523 2036 frequentibus
1542 1944 1680 2038 iniurijs
1697 1966 1806 2036 quam

456 2057 503 2128 de
519 2052 593 2150 ipso
611 2054 793 2126 cotidiano
811 2054 957 2126 deiedu
973 2051 1115 2128 iusticie
1141 2067 1407 2150 conquerentes
1432 2052 1704 2128 rniuersltatem
1730 2055 1807 2129 res-

456 2179 550 2239 tram
576 2165 709 2237 litteris
734 2167 924 2259 petiemnt
948 2162 1156 2261 apostolicis
1181 2170 1335 2242 excitari
1360 2181 1402 2242 vt
1422 2172 1475 2243 ita
1492 2168 1663 2242 videlicet
1687 2169 1740 2242 eis
1766 2172 1804 2242 in

456 2279 750 2352 tribulationibus
780 2276 853 2351 suis
882 2291 1012 2352 contra
1035 2278 1284 2354 malelattoree
1314 2305 1440 2354 eornm
1471 2283 1633 2354 debeatis
1658 2302 1806 2376 magna·

456 2393 622 2463 nimitate
646 2389 861 2487 consurgere
887 2393 984 2486 quod
1012 2392 1058 2463 ab
1076 2388 1252 2487 angustijs
1277 2415 1367 2485 quas
1392 2389 1568 2465 sustinent
1584 2402 1624 2464 et
1640 2388 1805 2486 pressuris

454 2500 570 2576 vestro
595 2498 741 2597 possunt
765 2500 920 2598 presidio
944 2502 1145 2599 respirare·
1165 2501 1328 2596 Ideoque
1354 2499 1578 2576 vniuersrtati
1597 2500 1713 2574 vestre
1738 2527 1804 2598 pcr

453 2610 647 2710 apostolica
665 2613 797 2711 scripta
817 2617 1032 2689 mandamus
1057 2625 1169 2708 atque
1195 2615 1414 2710 precipimus
1431 2623 1610 2706 quatenus
1635 2613 1716 2685 illos
1742 2617 1803 2708 qui

452 2723 678 2822 possessiones
696 2730 754 2802 vel
772 2751 830 2802 res
857 2727 920 2802 seu
946 2730 1073 2801 domos
1098 2727 1341 2822 preditbomm
1370 2726 1522 2797 fratrum
1539 2724 1598 2797 rel
1616 2726 1802 2797 bominum

452 2837 594 2912 suorum
613 2843 857 2915 irreuerenter
872 2839 1074 2914 inusserint
1094 2851 1160 2913 aut
1177 2863 1222 2912 ea
1237 2835 1372 2912 iniuste
1389 2838 1613 2910 detinuerint
1628 2860 1699 2931 que
1724 2861 1805 2931 pre-

452 2953 556 3024 diuis
574 2954 745 3026 fratribus
758 2979 805 3027 ex
819 2953 1040 3027 testamento
1058 2953 1315 3025 decedentium
1329 2951 1560 3044 reliquuntur
1575 2947 1635 3022 sen
1653 2941 1691 3021 ln
1710 2950 1803 3044 ipsos

450 3065 579 3137 fratres
598 3066 655 3138 vel
673 3089 799 3139 eorum
825 3066 985 3160 aliquem
1003 3076 1133 3140 contra
1157 3061 1355 3159 apostolice
1379 3062 1473 3136 sedis
1498 3061 1642 3134 indulta
1658 3059 1802 3135 senten·

450 3179 538 3249 tiam
564 3180 952 3252 excommunicationis
978 3188 1044 3250 aut
1069 3174 1254 3249 interdicti
1272 3171 1551 3271 presumpserint
1575 3173 1803 3270 promulgare

450 3289 507 3361 vcl
525 3291 684 3364 decimas
697 3291 863 3364 laborum
880 3291 927 3362 de
944 3284 1214 3386 possessionibus
1233 3288 1375 3361 debitas
1387 3298 1475 3361 ante
1492 3282 1679 3360 confilium
1692 3309 1803 3381 genc-

449 3403 524 3475 rale
541 3427 630 3498 quas
644 3405 795 3499 proprijs
813 3405 981 3476 manibus
999 3411 1064 3474 aut
1081 3399 1288 3495 sumptibus
1305 3400 1483 3474 excolunt
1494 3396 1556 3471 seu
1569 3399 1802 3471 nutrimentis

447 3516 657 3588 animalium
692 3540 819 3588 eorum
849 3513 977 3610 spretis
1009 3511 1206 3609 apostolice
1238 3511 1329 3586 sedis
1356 3510 1556 3608 priuilegijs
1585 3522 1801 3602 extorquere

447 3631 648 3702 monitione
677 3626 845 3724 premissa
861 3623 887 3698 ll
906 3628 987 3700 laici
1006 3628 1145 3699 fuerint
1168 3625 1313 3718 publice
1330 3623 1492 3698 candelis
1508 3619 1664 3696 accensis
1681 3618 1801 3719 lingn-

447 3740 491 3812 lis
508 3737 666 3814 vestrum
693 3737 853 3835 ecclcsrjs
870 3753 909 3814 et
927 3735 1129 3814 diocesrbna
1156 3734 1284 3810 restris
1310 3737 1695 3810 excommunicationis
1720 3734 1800 3808 sen-

448 3855 565 3929 tentia
577 3854 783 3948 percellatis
797 3896 805 3914 ·
819 3851 847 3926 sr
861 3877 947 3927 vero
961 3852 1126 3926 canonici
1140 3851 1325 3946 regulares
1338 3848 1397 3923 vel
1411 3849 1533 3922 clerici
1551 3845 1613 3920 seu
1630 3849 1798 3921 monachi

448 3968 584 4040 suerint
601 3991 663 4040 eos
680 3967 928 4063 appellatione
940 3977 1083 4038 remota
1098 3964 1146 4036 ab
1163 3963 1282 4037 officio
1299 3973 1338 4036 et
1355 3961 1534 4036 beneficio
1550 3957 1773 4054 suspendatis
1788 4002 1798 4018 ·

448 4090 614 4152 neutram
639 4079 837 4153 relaxaturi
865 4079 1086 4153 sententiam
1113 4077 1230 4149 donec
1255 4075 1426 4171 predictis
1452 4072 1621 4146 fratribus
1637 4072 1798 4166 plenarie

446 4188 661 4266 satillaciant
678 4232 687 4251 ·
705 4203 746 4266 et
761 4204 839 4266 tam
857 4193 950 4288 layci
978 4213 1087 4287 quarn
1115 4189 1239 4262 clerici
1257 4185 1435 4261 seculares
1460 4187 1521 4280 qui
1548 4208 1613 4281 pro
1639 4183 1798 4257 violenta

444 4327 618 4377 manuum
633 4306 829 4378 iniettione
842 4307 881 4377 in
894 4305 1025 4376 iratres
1038 4301 1132 4396 ipsos
1147 4301 1206 4373 vel
1218 4302 1365 4374 illorum
1378 4299 1537 4394 aliquem
1554 4297 1796 4370 anathematis

445 4417 590 4492 vinculo
607 4419 744 4491 fuerint
770 4419 935 4491 innodati
958 4439 1043 4490 oum
1074 4411 1255 4487 diocesani
1282 4411 1439 4510 episcopi
1465 4411 1579 4484 literis
1603 4409 1648 4481 ad
1674 4404 1794 4481 sedem

445 4529 676 4629 apostolicam
693 4533 885 4604 venientes
902 4530 948 4604 ab
969 4531 1098 4602 eodem
1117 4527 1263 4601 vinculo
1281 4534 1491 4598 mereantur
1506 4519 1643 4595 absolui
1661 4561 1669 4579 ·
1689 4518 1794 4594 villas

443 4659 567 4719 autern
580 4646 618 4717 in
636 4645 768 4740 quibus
786 4644 882 4717 bona
900 4644 1148 4739 prodideram
1162 4640 1315 4713 fratrum
1333 4660 1399 4733 per
1414 4633 1626 4708 violentiam
1642 4634 1795 4706 detenta
