4564 5968
732 1745 795 1829 dt
828 1737 1060 1821 tuuratrnue
1096 1735 1135 1815 tt
1169 1730 1432 1816 ttaurlatinut
1462 1733 1574 1816 §eutr

817 1885 1060 1991 tuirtnualr'r
1094 1888 1212 1988 atque
1245 1887 1293 1969 m
1318 1888 1494 1989 tumme

945 2056 1064 2123 nrum
1090 2038 1372 2126 rutttrm'mu.

533 2383 712 2477 Tempore
741 2380 930 2453 Maleolmi
950 2379 1062 2475 Regis
1081 2381 1208 2452 Scotie
1226 2381 1290 2474 iilij
1317 2380 1468 2453 Kenach
1494 2404 1558 2473 per
1574 2403 1655 2451 eum
1679 2379 1833 2452 Maleo}-

484 2518 585 2568 mum
607 2491 805 2566 constitute
829 2490 883 2565 est
909 2495 1025 2587 prime
1051 2490 1155 2563 sedes
1180 2489 1390 2587 episcopalis
1415 2493 1509 2586 apud
1536 2491 1746 2564 Mortldach
1772 2493 1833 2586 qui

484 2608 627 2680 dotauit
658 2603 843 2678 eeeieiiam
875 2605 920 2676 de
952 2603 1137 2676 Mortluch
1165 2626 1248 2676 cum
1276 2607 1380 2676 terris
1409 2605 1454 2678 de
1483 2603 1665 2676 Mortlaeh
1690 2617 1834 2676 etcum

484 2730 582 2791 terra
598 2729 637 2790 et
656 2714 805 2791 eeclesia
822 2719 867 2788 de
885 2717 1043 2788 Cloueth
1071 2715 1226 2810 episcopi
1256 2716 1314 2812 [et.
1340 2740 1420 2788 eum
1443 2713 1590 2788 ecelesia
1608 2728 1645 2788 et
1664 2719 1770 2788 terris
1788 2719 1834 2789 de

484 2827 695 2923 Dumneth]
722 2869 732 2887 ·
759 2829 808 2901 Et
825 2832 974 2901 fuerunt
991 2830 1040 2901 ibi
1064 2840 1139 2900 tres
1157 2825 1311 2922 episcopi
1338 2824 1530 2900 i'ueeeffiue
1555 2869 1564 2885 ·
1590 2831 1728 2923 primus
1745 2829 1836 2923 epis-

484 2965 595 3036 copus
613 2943 748 3014 ibidem
767 2939 885 3014 sedem
915 2953 1044 3013 tenens
1072 2942 1269 3012 vocabatur
1297 2939 1398 3035 Beyu
1417 2981 1424 2996 ·
1443 2939 1619 3013 secundus
1646 2942 1834 3036 episcopus

485 3056 681 3126 vocabatur
699 3053 901 3125 Doneroius
919 3094 927 3110 ·
948 3057 1078 3126 tertius
1099 3050 1287 3147 episcopus
1306 3054 1499 3126 vocabatur
1516 3053 1718 3126 Connuueh
1738 3096 1745 3110 ·

534 3387 701 3462 Process'u
723 3412 805 3459 uero
820 3391 993 3482 temporis
1008 3385 1183 3461 transsata
1199 3385 1254 3461 est
1273 3387 1372 3460 sedes
1385 3386 1592 3484 episcopalis
1609 3393 1703 3484 apud
1716 3392 1835 3463 Aber-

484 3505 554 3575 don
599 3524 664 3595 per
700 3501 820 3572 Dauid
855 3523 976 3594 regem
1013 3498 1140 3572 Scotie
1175 3499 1290 3572 fllium
1327 3499 1512 3573 Maleolmi
1550 3501 1737 3574 Kenmore
1771 3507 1832 3597 qui

484 3617 627 3688 dotauit
653 3614 786 3684 diuam
812 3609 998 3684 eeclesiam
1018 3612 1064 3682 de
1082 3609 1242 3684 ecelesiis
1267 3613 1429 3707 pluribus
1447 3625 1486 3685 et
1503 3610 1770 3707 peffediouibus
1796 3630 1834 3687 et

482 3729 634 3801 decimis
660 3727 823 3796 omnium
842 3725 1053 3797 reddituum
1080 3723 1226 3795 dirorum
1248 3726 1344 3797 inter
1369 3726 1456 3797 duas
1474 3750 1671 3820 aquasque
1693 3728 1770 3800 Dee
1797 3741 1835 3800 et

482 3839 580 3935 Spee
596 3839 771 3911 dicuntur
787 3861 896 3930 quam
922 3837 1070 3929 quidem
1100 3837 1224 3909 dotem
1251 3849 1291 3909 et
1316 3839 1546 3910 donationem
1565 3837 1769 3932 specialiter
1794 3859 1832 3914 et

482 3953 698 4024 nominatim
727 3951 895 4022 dominus
926 3973 1019 4043 papa
1049 3948 1234 4020 Adrianus
1264 3961 1413 4044 quartus
1436 3949 1501 4022 sub
1531 3951 1630 4023 bulla
1661 3949 1723 4025 sue
1748 3978 1833 4025 eon·

482 4065 668 4138 firmauit·

533 4399 677 4471 Primus
695 4396 882 4494 episeopus
896 4399 1031 4472 ibidem
1046 4395 1205 4472 residens
1223 4401 1419 4474 vocabatur
1438 4400 1623 4476 Nedauus
1635 4443 1643 4460 ·
1656 4402 1834 4478 secundus

419 4569 423 4577 .
483 4513 683 4588 Edwurdus
709 4513 772 4604 qui
803 4514 918 4605 primo
946 4514 1140 4585 canonicos
1174 4507 1330 4584 instituit
1365 4517 1400 4586 in
1432 4515 1526 4588 diua
1559 4512 1709 4589 eeclesia
1742 4513 1834 4589 sedis

377 4681 380 4690 i
481 4623 676 4722 apostolice
700 4625 915 4696 auuoritate
944 4661 951 4681 ·
982 4627 1115 4697 tertius
1141 4623 1334 4698 Mattheus
1359 4628 1404 4699 de
1431 4626 1639 4722 Kyuimond
1664 4633 1721 4702 eui
1749 4632 1834 4704 date
