<?xml version="1.0" encoding="UTF-8"?>
<!DOCTYPE html PUBLIC "-//W3C//DTD XHTML 1.0 Transitional//EN"
    "http://www.w3.org/TR/xhtml1/DTD/xhtml1-transitional.dtd">
<html xmlns="http://www.w3.org/1999/xhtml" xml:lang="en" lang="en">
 <head>
  <title>
</title>
<meta http-equiv="Content-Type" content="text/html;charset=utf-8" />
  <meta name='ocr-system' content='tesseract 3.04.00' />
  <meta name='ocr-capabilities' content='ocr_page ocr_carea ocr_par ocr_line ocrx_word'/>
</head>
<body>
  <div class='ocr_page' id='page_1' title='image "./registrumepisco00innegoog_0063.png"; bbox 0 0 4590 5954; ppageno 0'>
   <div class='ocr_carea' id='block_1_1' title="bbox 454 701 1779 804">
    <p class='ocr_par' dir='ltr' id='par_1_1' title="bbox 454 701 1779 804">
     <span class='ocr_line' id='line_1_1' title="bbox 454 701 1779 804; baseline 0.002 -28"><span class='ocrx_word' id='word_1_1' title='bbox 454 711 497 778; x_wconf 92' lang='lat'><strong>10</strong></span> <span class='ocrx_word' id='word_1_2' title='bbox 968 701 1273 778; x_wconf 83' lang='lat' dir='ltr'>REGISTRUM</span> <span class='ocrx_word' id='word_1_3' title='bbox 1629 707 1779 804; x_wconf 77' lang='lat' dir='ltr'><strong>[secum</strong></span> 
     </span>
    </p>
   </div>
   <div class='ocr_carea' id='block_1_2' title="bbox 448 900 1778 1222">
    <p class='ocr_par' dir='ltr' id='par_1_2' title="bbox 448 900 1778 1222">
     <span class='ocr_line' id='line_1_2' title="bbox 450 900 1778 1000; baseline 0 -24"><span class='ocrx_word' id='word_1_4' title='bbox 450 903 653 1000; x_wconf 90' lang='lat' dir='ltr'><strong>episcopum</strong></span> <span class='ocrx_word' id='word_1_5' title='bbox 682 901 893 978; x_wconf 87' lang='lat' dir='ltr'><strong>consessores</strong></span> <span class='ocrx_word' id='word_1_6' title='bbox 922 904 1052 998; x_wconf 90' lang='lat' dir='ltr'><strong>quibus</strong></span> <span class='ocrx_word' id='word_1_7' title='bbox 1081 900 1230 998; x_wconf 85' lang='lat' dir='ltr'>persone</span> <span class='ocrx_word' id='word_1_8' title='bbox 1259 905 1376 996; x_wconf 82' lang='lat' dir='ltr'><strong>ricorij</strong></span> <span class='ocrx_word' id='word_1_9' title='bbox 1406 914 1446 974; x_wconf 89' lang='lat' dir='ltr'><strong>et</strong></span> <span class='ocrx_word' id='word_1_10' title='bbox 1475 907 1630 979; x_wconf 89' lang='lat' dir='ltr'><strong>minores</strong></span> <span class='ocrx_word' id='word_1_11' title='bbox 1658 905 1778 977; x_wconf 90' lang='lat' dir='ltr'><strong>cleriei</strong></span> 
     </span>
     <span class='ocr_line' id='line_1_3' title="bbox 450 1010 1778 1112; baseline 0 -26"><span class='ocrx_word' id='word_1_12' title='bbox 450 1019 592 1091; x_wconf 85' lang='lat' dir='ltr'><strong>valeant</strong></span> <span class='ocrx_word' id='word_1_13' title='bbox 618 1019 781 1091; x_wconf 88' lang='lat' dir='ltr'><strong>confiteri</strong></span> <span class='ocrx_word' id='word_1_14' title='bbox 802 1019 864 1112; x_wconf 90' lang='lat' dir='ltr'><strong>qui</strong></span> <span class='ocrx_word' id='word_1_15' title='bbox 890 1016 1035 1090; x_wconf 88' lang='lat' dir='ltr'><strong>decanis</strong></span> <span class='ocrx_word' id='word_1_16' title='bbox 1059 1010 1205 1088; x_wconf 84' lang='lat' dir='ltr'><strong>iorsrtan</strong></span> <span class='ocrx_word' id='word_1_17' title='bbox 1231 1011 1442 1087; x_wconf 89' lang='lat' dir='ltr'><strong>erubeseunt</strong></span> <span class='ocrx_word' id='word_1_18' title='bbox 1467 1017 1629 1090; x_wconf 84' lang='lat' dir='ltr'><strong>confiteri</strong></span> <span class='ocrx_word' id='word_1_19' title='bbox 1646 1027 1684 1088; x_wconf 89' lang='lat' dir='ltr'><strong>ct</strong></span> <span class='ocrx_word' id='word_1_20' title='bbox 1701 1039 1778 1087; x_wconf 86' lang='lat' dir='ltr'><strong>rer-</strong></span> 
     </span>
     <span class='ocr_line' id='line_1_4' title="bbox 448 1123 1777 1222; baseline -0.004 -20"><span class='ocrx_word' id='word_1_21' title='bbox 448 1141 556 1202; x_wconf 83' lang='lat' dir='ltr'><strong>entur</strong></span> <span class='ocrx_word' id='word_1_22' title='bbox 581 1175 590 1190; x_wconf 90' lang='lat'><strong>·</strong></span> <span class='ocrx_word' id='word_1_23' title='bbox 617 1129 661 1201; x_wconf 95' lang='lat' dir='ltr'><strong>In</strong></span> <span class='ocrx_word' id='word_1_24' title='bbox 685 1124 844 1203; x_wconf 78' lang='lat' dir='ltr'><strong>eeclesiis</strong></span> <span class='ocrx_word' id='word_1_25' title='bbox 870 1152 955 1202; x_wconf 87' lang='lat' dir='ltr'><strong>vero</strong></span> <span class='ocrx_word' id='word_1_26' title='bbox 979 1127 1244 1202; x_wconf 80' lang='lat' dir='ltr'><strong>cathedralibus</strong></span> <span class='ocrx_word' id='word_1_27' title='bbox 1271 1123 1479 1199; x_wconf 84' lang='lat' dir='ltr'><strong>consessores</strong></span> <span class='ocrx_word' id='word_1_28' title='bbox 1503 1125 1641 1200; x_wconf 90' lang='lat' dir='ltr'><strong>institui</strong></span> <span class='ocrx_word' id='word_1_29' title='bbox 1666 1129 1777 1222; x_wconf 89' lang='lat' dir='ltr'><strong>preci·</strong></span> 
     </span>
    </p>
   </div>
   <div class='ocr_carea' id='block_1_3' title="bbox 449 1241 1425 1537">
    <p class='ocr_par' dir='ltr' id='par_1_3' title="bbox 449 1241 1425 1537">
     <span class='ocr_line' id='line_1_5' title="bbox 449 1241 792 1337; baseline 0.003 -26"><span class='ocrx_word' id='word_1_30' title='bbox 449 1243 565 1334; x_wconf 82' lang='lat' dir='ltr'><strong>pimus</strong></span> <span class='ocrx_word' id='word_1_31' title='bbox 580 1241 767 1337; x_wconf 78' lang='lat' dir='ltr'><strong>generales</strong></span> <span class='ocrx_word' id='word_1_32' title='bbox 783 1278 792 1296; x_wconf 93' lang='lat'><strong>·</strong></span> 
     </span>
     <span class='ocr_line' id='line_1_6' title="bbox 803 1461 1425 1537; baseline 0 -3"><span class='ocrx_word' id='word_1_33' title='bbox 803 1462 935 1536; x_wconf 90' lang='lat' dir='ltr'><strong>XVII.</strong></span> <span class='ocrx_word' id='word_1_34' title='bbox 962 1461 1020 1536; x_wconf 89' lang='lat' dir='ltr'><strong>De</strong></span> <span class='ocrx_word' id='word_1_35' title='bbox 1038 1463 1155 1535; x_wconf 87' lang='lat' dir='ltr'><strong>locato</strong></span> <span class='ocrx_word' id='word_1_36' title='bbox 1172 1472 1210 1535; x_wconf 92' lang='lat' dir='ltr'><strong>et</strong></span> <span class='ocrx_word' id='word_1_37' title='bbox 1227 1463 1399 1537; x_wconf 79' lang='lat' dir='ltr'><strong>condusto</strong></span> <span class='ocrx_word' id='word_1_38' title='bbox 1417 1502 1425 1518; x_wconf 93' lang='lat'><strong>·</strong></span> 
     </span>
    </p>
   </div>
   <div class='ocr_carea' id='block_1_4' title="bbox 440 1680 1776 2893">
    <p class='ocr_par' dir='ltr' id='par_1_4' title="bbox 440 1680 1776 2893">
     <span class='ocr_line' id='line_1_7' title="bbox 446 1680 1775 1780; baseline 0.001 -24"><span class='ocrx_word' id='word_1_39' title='bbox 446 1685 540 1758; x_wconf 88' lang='lat' dir='ltr'><strong>Cum</strong></span> <span class='ocrx_word' id='word_1_40' title='bbox 567 1686 667 1758; x_wconf 88' lang='lat' dir='ltr'><strong>laicis</strong></span> <span class='ocrx_word' id='word_1_41' title='bbox 694 1685 770 1757; x_wconf 89' lang='lat' dir='ltr'><strong>dari</strong></span> <span class='ocrx_word' id='word_1_42' title='bbox 800 1681 970 1756; x_wconf 84' lang='lat' dir='ltr'><strong>ecclesras</strong></span> <span class='ocrx_word' id='word_1_43' title='bbox 999 1685 1044 1756; x_wconf 90' lang='lat' dir='ltr'><strong>ad</strong></span> <span class='ocrx_word' id='word_1_44' title='bbox 1074 1685 1213 1758; x_wconf 89' lang='lat' dir='ltr'><strong>sirmam</strong></span> <span class='ocrx_word' id='word_1_45' title='bbox 1243 1681 1287 1757; x_wconf 86' lang='lat' dir='ltr'><strong>su</strong></span> <span class='ocrx_word' id='word_1_46' title='bbox 1316 1686 1457 1780; x_wconf 90' lang='lat' dir='ltr'><strong>penitus</strong></span> <span class='ocrx_word' id='word_1_47' title='bbox 1484 1680 1709 1756; x_wconf 86' lang='lat' dir='ltr'><strong>inhonestum</strong></span> <span class='ocrx_word' id='word_1_48' title='bbox 1736 1698 1775 1757; x_wconf 89' lang='lat' dir='ltr'><strong>et</strong></span> 
     </span>
     <span class='ocr_line' id='line_1_8' title="bbox 445 1793 1774 1891; baseline -0.002 -21"><span class='ocrx_word' id='word_1_49' title='bbox 445 1798 583 1870; x_wconf 80' lang='lat' dir='ltr'><strong>clericis</strong></span> <span class='ocrx_word' id='word_1_50' title='bbox 599 1793 871 1891; x_wconf 86' lang='lat' dir='ltr'><strong>quibuscunque</strong></span> <span class='ocrx_word' id='word_1_51' title='bbox 890 1796 937 1868; x_wconf 88' lang='lat' dir='ltr'><strong>ad</strong></span> <span class='ocrx_word' id='word_1_52' title='bbox 960 1795 1109 1890; x_wconf 92' lang='lat' dir='ltr'><strong>longum</strong></span> <span class='ocrx_word' id='word_1_53' title='bbox 1133 1806 1277 1890; x_wconf 91' lang='lat' dir='ltr'><strong>tempus</strong></span> <span class='ocrx_word' id='word_1_54' title='bbox 1303 1806 1445 1891; x_wconf 85' lang='lat' dir='ltr'><strong>propter</strong></span> <span class='ocrx_word' id='word_1_55' title='bbox 1469 1795 1774 1868; x_wconf 81' lang='lat' dir='ltr'><strong>continuationem</strong></span> 
     </span>
     <span class='ocr_line' id='line_1_9' title="bbox 446 1903 1776 2004; baseline -0.001 -23"><span class='ocrx_word' id='word_1_56' title='bbox 446 1911 698 2004; x_wconf 88' lang='lat' dir='ltr'><strong>temporisque</strong></span> <span class='ocrx_word' id='word_1_57' title='bbox 710 1903 900 1979; x_wconf 89' lang='lat' dir='ltr'><strong>consueuit</strong></span> <span class='ocrx_word' id='word_1_58' title='bbox 917 1905 1044 1978; x_wconf 82' lang='lat' dir='ltr'><strong>afferre</strong></span> <span class='ocrx_word' id='word_1_59' title='bbox 1060 1906 1260 2001; x_wconf 90' lang='lat' dir='ltr'><strong>periculum</strong></span> <span class='ocrx_word' id='word_1_60' title='bbox 1277 1903 1432 2002; x_wconf 87' lang='lat' dir='ltr'><strong>ecclesrjs</strong></span> <span class='ocrx_word' id='word_1_61' title='bbox 1447 1903 1560 2002; x_wconf 80' lang='lat' dir='ltr'><strong>posset</strong></span> <span class='ocrx_word' id='word_1_62' title='bbox 1572 1903 1642 1982; x_wconf 85' lang='lat' dir='ltr'><strong>else</strong></span> <span class='ocrx_word' id='word_1_63' title='bbox 1655 1907 1776 2003; x_wconf 89' lang='lat' dir='ltr'><strong>damp-</strong></span> 
     </span>
     <span class='ocr_line' id='line_1_10' title="bbox 445 2012 1775 2115; baseline -0.001 -22"><span class='ocrx_word' id='word_1_64' title='bbox 445 2020 601 2093; x_wconf 91' lang='lat' dir='ltr'><strong>nosum·</strong></span> <span class='ocrx_word' id='word_1_65' title='bbox 629 2027 822 2109; x_wconf 76' lang='lat' dir='ltr'><strong>utrumque</strong></span> <span class='ocrx_word' id='word_1_66' title='bbox 847 2012 1042 2088; x_wconf 75' lang='lat' dir='ltr'><strong>distrittius</strong></span> <span class='ocrx_word' id='word_1_67' title='bbox 1071 2017 1275 2091; x_wconf 83' lang='lat' dir='ltr'><strong>inhibentes</strong></span> <span class='ocrx_word' id='word_1_68' title='bbox 1300 2015 1485 2092; x_wconf 87' lang='lat' dir='ltr'><strong>statuimus</strong></span> <span class='ocrx_word' id='word_1_69' title='bbox 1509 2029 1549 2091; x_wconf 82' lang='lat' dir='ltr'><strong>rt</strong></span> <span class='ocrx_word' id='word_1_70' title='bbox 1574 2042 1642 2092; x_wconf 94' lang='lat' dir='ltr'><strong>nec</strong></span> <span class='ocrx_word' id='word_1_71' title='bbox 1667 2020 1775 2115; x_wconf 70' lang='lat' dir='ltr'><strong>laycis</strong></span> 
     </span>
     <span class='ocr_line' id='line_1_11' title="bbox 445 2122 1772 2224; baseline 0.002 -24"><span class='ocrx_word' id='word_1_72' title='bbox 445 2153 600 2223; x_wconf 79' lang='lat' dir='ltr'><strong>unquam</strong></span> <span class='ocrx_word' id='word_1_73' title='bbox 626 2151 692 2200; x_wconf 89' lang='lat' dir='ltr'><strong>nec</strong></span> <span class='ocrx_word' id='word_1_74' title='bbox 718 2125 877 2220; x_wconf 87' lang='lat' dir='ltr'><strong>personis</strong></span> <span class='ocrx_word' id='word_1_75' title='bbox 903 2122 1148 2199; x_wconf 78' lang='lat' dir='ltr'><strong>ecclesiasticis</strong></span> <span class='ocrx_word' id='word_1_76' title='bbox 1173 2129 1284 2199; x_wconf 87' lang='lat' dir='ltr'><strong>etiam</strong></span> <span class='ocrx_word' id='word_1_77' title='bbox 1307 2128 1398 2201; x_wconf 84' lang='lat' dir='ltr'><strong>vltra</strong></span> <span class='ocrx_word' id='word_1_78' title='bbox 1421 2130 1703 2224; x_wconf 85' lang='lat' dir='ltr'><strong>quinquennium</strong></span> <span class='ocrx_word' id='word_1_79' title='bbox 1728 2133 1772 2204; x_wconf 89' lang='lat' dir='ltr'><strong>ad</strong></span> 
     </span>
     <span class='ocr_line' id='line_1_12' title="bbox 443 2238 1774 2338; baseline 0.002 -24"><span class='ocrx_word' id='word_1_80' title='bbox 443 2245 580 2315; x_wconf 75' lang='lat' dir='ltr'><strong>linricus</strong></span> <span class='ocrx_word' id='word_1_81' title='bbox 600 2263 673 2310; x_wconf 92' lang='lat' dir='ltr'><strong>non</strong></span> <span class='ocrx_word' id='word_1_82' title='bbox 690 2239 944 2311; x_wconf 89' lang='lat' dir='ltr'><strong>conferantur·</strong></span> <span class='ocrx_word' id='word_1_83' title='bbox 959 2261 1026 2309; x_wconf 89' lang='lat' dir='ltr'><strong>nee</strong></span> <span class='ocrx_word' id='word_1_84' title='bbox 1039 2261 1082 2308; x_wconf 91' lang='lat' dir='ltr'><strong>eo</strong></span> <span class='ocrx_word' id='word_1_85' title='bbox 1094 2238 1197 2309; x_wconf 88' lang='lat' dir='ltr'><strong>finito</strong></span> <span class='ocrx_word' id='word_1_86' title='bbox 1215 2248 1431 2311; x_wconf 88' lang='lat' dir='ltr'><strong>renouentur</strong></span> <span class='ocrx_word' id='word_1_87' title='bbox 1447 2240 1579 2314; x_wconf 89' lang='lat' dir='ltr'><strong>eisdem</strong></span> <span class='ocrx_word' id='word_1_88' title='bbox 1596 2239 1659 2314; x_wconf 84' lang='lat' dir='ltr'><strong>nisi</strong></span> <span class='ocrx_word' id='word_1_89' title='bbox 1675 2247 1774 2338; x_wconf 89' lang='lat' dir='ltr'><strong>prius</strong></span> 
     </span>
     <span class='ocr_line' id='line_1_13' title="bbox 444 2345 1771 2449; baseline 0.001 -23"><span class='ocrx_word' id='word_1_90' title='bbox 444 2352 533 2448; x_wconf 86' lang='lat' dir='ltr'><strong>ipsos</strong></span> <span class='ocrx_word' id='word_1_91' title='bbox 567 2351 626 2444; x_wconf 92' lang='lat' dir='ltr'><strong>alij</strong></span> <span class='ocrx_word' id='word_1_92' title='bbox 661 2350 856 2422; x_wconf 81' lang='lat' dir='ltr'><strong>habuerint</strong></span> <span class='ocrx_word' id='word_1_93' title='bbox 892 2349 1052 2420; x_wconf 90' lang='lat' dir='ltr'><strong>mediate</strong></span> <span class='ocrx_word' id='word_1_94' title='bbox 1085 2347 1190 2422; x_wconf 89' lang='lat' dir='ltr'><strong>saluis</strong></span> <span class='ocrx_word' id='word_1_95' title='bbox 1223 2345 1499 2424; x_wconf 80' lang='lat' dir='ltr'><strong>concessionibus</strong></span> <span class='ocrx_word' id='word_1_96' title='bbox 1532 2352 1771 2449; x_wconf 89' lang='lat' dir='ltr'><strong>religiosomm</strong></span> 
     </span>
     <span class='ocr_line' id='line_1_14' title="bbox 442 2457 1771 2561; baseline 0 -24"><span class='ocrx_word' id='word_1_97' title='bbox 442 2465 546 2561; x_wconf 81' lang='lat' dir='ltr'><strong>sirper</strong></span> <span class='ocrx_word' id='word_1_98' title='bbox 573 2463 692 2560; x_wconf 81' lang='lat' dir='ltr'><strong>gerbis</strong></span> <span class='ocrx_word' id='word_1_99' title='bbox 719 2463 773 2534; x_wconf 89' lang='lat' dir='ltr'><strong>eis</strong></span> <span class='ocrx_word' id='word_1_100' title='bbox 798 2462 837 2534; x_wconf 92' lang='lat' dir='ltr'><strong>in</strong></span> <span class='ocrx_word' id='word_1_101' title='bbox 865 2461 1027 2556; x_wconf 91' lang='lat' dir='ltr'><strong>proprios</strong></span> <span class='ocrx_word' id='word_1_102' title='bbox 1052 2458 1132 2533; x_wconf 86' lang='lat' dir='ltr'><strong>rsus</strong></span> <span class='ocrx_word' id='word_1_103' title='bbox 1156 2457 1327 2534; x_wconf 77' lang='lat' dir='ltr'><strong>concessis</strong></span> <span class='ocrx_word' id='word_1_104' title='bbox 1342 2501 1351 2518; x_wconf 92' lang='lat'><strong>·</strong></span> <span class='ocrx_word' id='word_1_105' title='bbox 1369 2471 1407 2534; x_wconf 97' lang='lat' dir='ltr'><strong>et</strong></span> <span class='ocrx_word' id='word_1_106' title='bbox 1433 2471 1472 2532; x_wconf 85' lang='lat' dir='ltr'><strong>vt</strong></span> <span class='ocrx_word' id='word_1_107' title='bbox 1497 2466 1617 2536; x_wconf 87' lang='lat' dir='ltr'><strong>omnia</strong></span> <span class='ocrx_word' id='word_1_108' title='bbox 1641 2463 1710 2536; x_wconf 90' lang='lat' dir='ltr'><strong>smt</strong></span> <span class='ocrx_word' id='word_1_109' title='bbox 1736 2469 1771 2537; x_wconf 92' lang='lat' dir='ltr'><strong>in</strong></span> 
     </span>
     <span class='ocr_line' id='line_1_15' title="bbox 443 2569 1772 2668; baseline -0.001 -19"><span class='ocrx_word' id='word_1_110' title='bbox 443 2587 524 2648; x_wconf 88' lang='lat' dir='ltr'><strong>tuto</strong></span> <span class='ocrx_word' id='word_1_111' title='bbox 549 2575 765 2668; x_wconf 85' lang='lat' dir='ltr'><strong>precipimus</strong></span> <span class='ocrx_word' id='word_1_112' title='bbox 782 2581 823 2644; x_wconf 83' lang='lat' dir='ltr'><strong>rt</strong></span> <span class='ocrx_word' id='word_1_113' title='bbox 848 2570 1075 2666; x_wconf 89' lang='lat' dir='ltr'><strong>presentibus</strong></span> <span class='ocrx_word' id='word_1_114' title='bbox 1099 2569 1271 2666; x_wconf 90' lang='lat' dir='ltr'><strong>episcopis</strong></span> <span class='ocrx_word' id='word_1_115' title='bbox 1291 2571 1346 2644; x_wconf 82' lang='lat' dir='ltr'><strong>rel</strong></span> <span class='ocrx_word' id='word_1_116' title='bbox 1369 2572 1633 2668; x_wconf 77' lang='lat' dir='ltr'><strong>archidyaconis</strong></span> <span class='ocrx_word' id='word_1_117' title='bbox 1658 2577 1772 2648; x_wconf 86' lang='lat' dir='ltr'><strong>firma·</strong></span> 
     </span>
     <span class='ocr_line' id='line_1_16' title="bbox 442 2682 1771 2778; baseline 0.002 -18"><span class='ocrx_word' id='word_1_118' title='bbox 442 2711 520 2760; x_wconf 91' lang='lat' dir='ltr'><strong>rum</strong></span> <span class='ocrx_word' id='word_1_119' title='bbox 548 2687 611 2758; x_wconf 87' lang='lat' dir='ltr'><strong>liat</strong></span> <span class='ocrx_word' id='word_1_120' title='bbox 635 2685 833 2758; x_wconf 88' lang='lat' dir='ltr'><strong>conuentio</strong></span> <span class='ocrx_word' id='word_1_121' title='bbox 858 2706 905 2754; x_wconf 87' lang='lat' dir='ltr'><strong>ex</strong></span> <span class='ocrx_word' id='word_1_122' title='bbox 923 2707 994 2777; x_wconf 92' lang='lat' dir='ltr'><strong>qua</strong></span> <span class='ocrx_word' id='word_1_123' title='bbox 1018 2683 1138 2778; x_wconf 91' lang='lat' dir='ltr'><strong>plures</strong></span> <span class='ocrx_word' id='word_1_124' title='bbox 1164 2683 1287 2756; x_wconf 87' lang='lat' dir='ltr'><strong>littere</strong></span> <span class='ocrx_word' id='word_1_125' title='bbox 1312 2682 1506 2756; x_wconf 90' lang='lat' dir='ltr'><strong>scribantur</strong></span> <span class='ocrx_word' id='word_1_126' title='bbox 1530 2708 1680 2778; x_wconf 88' lang='lat' dir='ltr'><strong>quarum</strong></span> <span class='ocrx_word' id='word_1_127' title='bbox 1703 2711 1771 2762; x_wconf 84' lang='lat' dir='ltr'><strong>rna</strong></span> 
     </span>
     <span class='ocr_line' id='line_1_17' title="bbox 440 2793 1449 2893; baseline -0.004 -21"><span class='ocrx_word' id='word_1_128' title='bbox 440 2807 586 2872; x_wconf 89' lang='lat' dir='ltr'><strong>maneat</strong></span> <span class='ocrx_word' id='word_1_129' title='bbox 601 2819 714 2893; x_wconf 86' lang='lat' dir='ltr'><strong>penes</strong></span> <span class='ocrx_word' id='word_1_130' title='bbox 730 2793 938 2890; x_wconf 90' lang='lat' dir='ltr'><strong>episcopum</strong></span> <span class='ocrx_word' id='word_1_131' title='bbox 956 2794 1014 2867; x_wconf 85' lang='lat' dir='ltr'><strong>vel</strong></span> <span class='ocrx_word' id='word_1_132' title='bbox 1031 2817 1143 2890; x_wconf 86' lang='lat' dir='ltr'><strong>penes</strong></span> <span class='ocrx_word' id='word_1_133' title='bbox 1159 2795 1422 2868; x_wconf 88' lang='lat' dir='ltr'><strong>archidiaconos</strong></span> <span class='ocrx_word' id='word_1_134' title='bbox 1439 2839 1449 2856; x_wconf 90' lang='lat'><strong>·</strong></span> 
     </span>
    </p>
   </div>
   <div class='ocr_carea' id='block_1_5' title="bbox 586 3016 1632 3092">
    <p class='ocr_par' dir='ltr' id='par_1_5' title="bbox 586 3016 1632 3092">
     <span class='ocr_line' id='line_1_18' title="bbox 586 3016 1632 3092; baseline 0.003 -2"><span class='ocrx_word' id='word_1_135' title='bbox 586 3016 738 3091; x_wconf 73' lang='lat' dir='ltr'><strong>xvlll.</strong></span> <span class='ocrx_word' id='word_1_136' title='bbox 765 3017 824 3090; x_wconf 91' lang='lat' dir='ltr'><strong>De</strong></span> <span class='ocrx_word' id='word_1_137' title='bbox 841 3016 1109 3090; x_wconf 85' lang='lat' dir='ltr'><strong>cohabitatione</strong></span> <span class='ocrx_word' id='word_1_138' title='bbox 1126 3017 1345 3090; x_wconf 90' lang='lat' dir='ltr'><strong>Clericorum</strong></span> <span class='ocrx_word' id='word_1_139' title='bbox 1362 3029 1400 3090; x_wconf 88' lang='lat' dir='ltr'><strong>et</strong></span> <span class='ocrx_word' id='word_1_140' title='bbox 1416 3020 1605 3092; x_wconf 89' lang='lat' dir='ltr'><strong>mulierum</strong></span> <span class='ocrx_word' id='word_1_141' title='bbox 1624 3061 1632 3078; x_wconf 94' lang='lat'><strong>·</strong></span> 
     </span>
    </p>
   </div>
   <div class='ocr_carea' id='block_1_6' title="bbox 433 3234 1769 4679">
    <p class='ocr_par' dir='ltr' id='par_1_6' title="bbox 433 3234 1769 4679">
     <span class='ocr_line' id='line_1_19' title="bbox 441 3234 1769 3338; baseline 0.001 -20"><span class='ocrx_word' id='word_1_142' title='bbox 441 3245 546 3318; x_wconf 81' lang='lat' dir='ltr'><strong>Licet</strong></span> <span class='ocrx_word' id='word_1_143' title='bbox 561 3243 606 3316; x_wconf 86' lang='lat' dir='ltr'><strong>ad</strong></span> <span class='ocrx_word' id='word_1_144' title='bbox 628 3240 892 3336; x_wconf 80' lang='lat' dir='ltr'><strong>profugandam</strong></span> <span class='ocrx_word' id='word_1_145' title='bbox 911 3264 933 3311; x_wconf 87' lang='lat' dir='ltr'><strong>a</strong></span> <span class='ocrx_word' id='word_1_146' title='bbox 950 3238 1084 3312; x_wconf 87' lang='lat' dir='ltr'><strong>loribus</strong></span> <span class='ocrx_word' id='word_1_147' title='bbox 1109 3234 1257 3310; x_wconf 78' lang='lat' dir='ltr'><strong>ecclesie</strong></span> <span class='ocrx_word' id='word_1_148' title='bbox 1282 3241 1462 3332; x_wconf 88' lang='lat' dir='ltr'><strong>putridum</strong></span> <span class='ocrx_word' id='word_1_149' title='bbox 1487 3240 1576 3314; x_wconf 92' lang='lat' dir='ltr'><strong>illud</strong></span> <span class='ocrx_word' id='word_1_150' title='bbox 1594 3247 1769 3338; x_wconf 89' lang='lat' dir='ltr'><strong>cupidinis</strong></span> 
     </span>
     <span class='ocr_line' id='line_1_20' title="bbox 440 3346 1768 3447; baseline 0.001 -19"><span class='ocrx_word' id='word_1_151' title='bbox 440 3351 624 3430; x_wconf 91' lang='lat' dir='ltr'><strong>libidinose</strong></span> <span class='ocrx_word' id='word_1_152' title='bbox 647 3353 857 3447; x_wconf 80' lang='lat' dir='ltr'><strong>contagium</strong></span> <span class='ocrx_word' id='word_1_153' title='bbox 874 3373 946 3444; x_wconf 94' lang='lat' dir='ltr'><strong>quo</strong></span> <span class='ocrx_word' id='word_1_154' title='bbox 963 3351 1071 3422; x_wconf 87' lang='lat' dir='ltr'><strong>decor</strong></span> <span class='ocrx_word' id='word_1_155' title='bbox 1086 3346 1234 3422; x_wconf 89' lang='lat' dir='ltr'><strong>ecclesie</strong></span> <span class='ocrx_word' id='word_1_156' title='bbox 1260 3353 1411 3444; x_wconf 89' lang='lat' dir='ltr'><strong>turpiter</strong></span> <span class='ocrx_word' id='word_1_157' title='bbox 1427 3352 1626 3426; x_wconf 85' lang='lat' dir='ltr'><strong>maculatur</strong></span> <span class='ocrx_word' id='word_1_158' title='bbox 1649 3351 1768 3430; x_wconf 89' lang='lat' dir='ltr'><strong>studu-</strong></span> 
     </span>
     <span class='ocr_line' id='line_1_21' title="bbox 439 3459 1767 3558; baseline 0 -17"><span class='ocrx_word' id='word_1_159' title='bbox 439 3471 534 3542; x_wconf 87' lang='lat' dir='ltr'><strong>erint</strong></span> <span class='ocrx_word' id='word_1_160' title='bbox 555 3463 693 3558; x_wconf 87' lang='lat' dir='ltr'><strong>semper</strong></span> <span class='ocrx_word' id='word_1_161' title='bbox 709 3459 936 3536; x_wconf 84' lang='lat' dir='ltr'><strong>eeclesrustici</strong></span> <span class='ocrx_word' id='word_1_162' title='bbox 957 3459 1120 3534; x_wconf 76' lang='lat' dir='ltr'><strong>neclores</strong></span> <span class='ocrx_word' id='word_1_163' title='bbox 1137 3459 1251 3554; x_wconf 88' lang='lat' dir='ltr'><strong>ipsum</strong></span> <span class='ocrx_word' id='word_1_164' title='bbox 1270 3475 1387 3534; x_wconf 84' lang='lat' dir='ltr'><strong>tomen</strong></span> <span class='ocrx_word' id='word_1_165' title='bbox 1413 3463 1649 3558; x_wconf 84' lang='lat' dir='ltr'><strong>improbitatis</strong></span> <span class='ocrx_word' id='word_1_166' title='bbox 1667 3479 1767 3540; x_wconf 84' lang='lat' dir='ltr'><strong>tante</strong></span> 
     </span>
     <span class='ocr_line' id='line_1_22' title="bbox 438 3570 1765 3672; baseline 0.001 -20"><span class='ocrx_word' id='word_1_167' title='bbox 438 3577 561 3653; x_wconf 84' lang='lat' dir='ltr'><strong>existit</strong></span> <span class='ocrx_word' id='word_1_168' title='bbox 586 3589 626 3648; x_wconf 79' lang='lat' dir='ltr'><strong>rt</strong></span> <span class='ocrx_word' id='word_1_169' title='bbox 651 3573 792 3670; x_wconf 90' lang='lat' dir='ltr'><strong>semper</strong></span> <span class='ocrx_word' id='word_1_170' title='bbox 816 3570 852 3646; x_wconf 90' lang='lat' dir='ltr'><strong>so</strong></span> <span class='ocrx_word' id='word_1_171' title='bbox 877 3576 1018 3669; x_wconf 84' lang='lat' dir='ltr'><strong>ingerat</strong></span> <span class='ocrx_word' id='word_1_172' title='bbox 1044 3574 1273 3668; x_wconf 84' lang='lat' dir='ltr'><strong>impudenter</strong></span> <span class='ocrx_word' id='word_1_173' title='bbox 1298 3613 1306 3630; x_wconf 91' lang='lat'><strong>·</strong></span> <span class='ocrx_word' id='word_1_174' title='bbox 1332 3573 1494 3648; x_wconf 87' lang='lat' dir='ltr'><strong>uolentes</strong></span> <span class='ocrx_word' id='word_1_175' title='bbox 1520 3599 1604 3672; x_wconf 91' lang='lat' dir='ltr'><strong>ergo</strong></span> <span class='ocrx_word' id='word_1_176' title='bbox 1629 3590 1765 3653; x_wconf 86' lang='lat' dir='ltr'><strong>tantam</strong></span> 
     </span>
     <span class='ocr_line' id='line_1_23' title="bbox 437 3683 1767 3784; baseline 0.001 -19"><span class='ocrx_word' id='word_1_177' title='bbox 437 3686 586 3765; x_wconf 87' lang='lat' dir='ltr'><strong>ecclesie</strong></span> <span class='ocrx_word' id='word_1_178' title='bbox 601 3687 836 3784; x_wconf 88' lang='lat' dir='ltr'><strong>ignominiam</strong></span> <span class='ocrx_word' id='word_1_179' title='bbox 854 3687 1133 3758; x_wconf 87' lang='lat' dir='ltr'><strong>couniuentibus</strong></span> <span class='ocrx_word' id='word_1_180' title='bbox 1145 3683 1258 3756; x_wconf 90' lang='lat' dir='ltr'><strong>oculis</strong></span> <span class='ocrx_word' id='word_1_181' title='bbox 1276 3687 1445 3780; x_wconf 89' lang='lat' dir='ltr'><strong>preterire</strong></span> <span class='ocrx_word' id='word_1_182' title='bbox 1457 3687 1685 3762; x_wconf 71' lang='lat' dir='ltr'><strong>incomestum</strong></span> <span class='ocrx_word' id='word_1_183' title='bbox 1700 3688 1767 3766; x_wconf 84' lang='lat' dir='ltr'><strong>stu-</strong></span> 
     </span>
     <span class='ocr_line' id='line_1_24' title="bbox 436 3796 1764 3898; baseline 0 -22"><span class='ocrx_word' id='word_1_184' title='bbox 436 3813 518 3876; x_wconf 86' lang='lat' dir='ltr'><strong>tuta</strong></span> <span class='ocrx_word' id='word_1_185' title='bbox 535 3801 780 3872; x_wconf 85' lang='lat' dir='ltr'><strong>Romanomm</strong></span> <span class='ocrx_word' id='word_1_186' title='bbox 794 3797 1006 3892; x_wconf 80' lang='lat' dir='ltr'><strong>pontificum</strong></span> <span class='ocrx_word' id='word_1_187' title='bbox 1024 3809 1063 3870; x_wconf 88' lang='lat' dir='ltr'><strong>et</strong></span> <span class='ocrx_word' id='word_1_188' title='bbox 1080 3799 1238 3870; x_wconf 87' lang='lat' dir='ltr'><strong>maxime</strong></span> <span class='ocrx_word' id='word_1_189' title='bbox 1255 3796 1441 3870; x_wconf 87' lang='lat' dir='ltr'><strong>decretalis</strong></span> <span class='ocrx_word' id='word_1_190' title='bbox 1453 3798 1653 3874; x_wconf 78' lang='lat' dir='ltr'><strong>Alexandri</strong></span> <span class='ocrx_word' id='word_1_191' title='bbox 1668 3801 1764 3898; x_wconf 83' lang='lat' dir='ltr'><strong>l‘ape</strong></span> 
     </span>
     <span class='ocr_line' id='line_1_25' title="bbox 436 3903 1764 4010; baseline 0 -22"><span class='ocrx_word' id='word_1_192' title='bbox 436 3914 542 4010; x_wconf 91' lang='lat' dir='ltr'><strong>super</strong></span> <span class='ocrx_word' id='word_1_193' title='bbox 564 3911 632 3984; x_wconf 90' lang='lat' dir='ltr'><strong>hoc</strong></span> <span class='ocrx_word' id='word_1_194' title='bbox 656 3910 757 3983; x_wconf 86' lang='lat' dir='ltr'><strong>editu</strong></span> <span class='ocrx_word' id='word_1_195' title='bbox 781 3909 997 4002; x_wconf 88' lang='lat' dir='ltr'><strong>exequendo</strong></span> <span class='ocrx_word' id='word_1_196' title='bbox 1022 3903 1211 3982; x_wconf 80' lang='lat' dir='ltr'><strong>statuimus</strong></span> <span class='ocrx_word' id='word_1_197' title='bbox 1227 3918 1266 3980; x_wconf 89' lang='lat' dir='ltr'><strong>et</strong></span> <span class='ocrx_word' id='word_1_198' title='bbox 1284 3907 1470 3982; x_wconf 82' lang='lat' dir='ltr'><strong>statuendo</strong></span> <span class='ocrx_word' id='word_1_199' title='bbox 1494 3913 1708 4006; x_wconf 87' lang='lat' dir='ltr'><strong>precipimus</strong></span> <span class='ocrx_word' id='word_1_200' title='bbox 1725 3929 1764 3988; x_wconf 80' lang='lat' dir='ltr'><strong>st</strong></span> 
     </span>
     <span class='ocr_line' id='line_1_26' title="bbox 435 4017 1764 4116; baseline 0.003 -18"><span class='ocrx_word' id='word_1_201' title='bbox 435 4023 555 4098; x_wconf 86' lang='lat' dir='ltr'><strong>clerici</strong></span> <span class='ocrx_word' id='word_1_202' title='bbox 573 4033 612 4094; x_wconf 89' lang='lat' dir='ltr'><strong>et</strong></span> <span class='ocrx_word' id='word_1_203' title='bbox 627 4021 787 4094; x_wconf 80' lang='lat' dir='ltr'><strong>maxime</strong></span> <span class='ocrx_word' id='word_1_204' title='bbox 803 4021 841 4092; x_wconf 94' lang='lat' dir='ltr'><strong>in</strong></span> <span class='ocrx_word' id='word_1_205' title='bbox 858 4018 965 4092; x_wconf 85' lang='lat' dir='ltr'><strong>sacris</strong></span> <span class='ocrx_word' id='word_1_206' title='bbox 980 4020 1164 4092; x_wconf 88' lang='lat' dir='ltr'><strong>ordinibus</strong></span> <span class='ocrx_word' id='word_1_207' title='bbox 1180 4017 1364 4093; x_wconf 82' lang='lat' dir='ltr'><strong>constituti</strong></span> <span class='ocrx_word' id='word_1_208' title='bbox 1380 4022 1442 4116; x_wconf 90' lang='lat' dir='ltr'><strong>qui</strong></span> <span class='ocrx_word' id='word_1_209' title='bbox 1459 4023 1497 4094; x_wconf 91' lang='lat' dir='ltr'><strong>in</strong></span> <span class='ocrx_word' id='word_1_210' title='bbox 1514 4019 1585 4096; x_wconf 89' lang='lat' dir='ltr'><strong>suis</strong></span> <span class='ocrx_word' id='word_1_211' title='bbox 1601 4024 1764 4102; x_wconf 88' lang='lat' dir='ltr'><strong>domibus</strong></span> 
     </span>
     <span class='ocr_line' id='line_1_27' title="bbox 436 4129 1763 4226; baseline 0.003 -18"><span class='ocrx_word' id='word_1_212' title='bbox 436 4137 493 4208; x_wconf 82' lang='lat' dir='ltr'><strong>rel</strong></span> <span class='ocrx_word' id='word_1_213' title='bbox 511 4133 638 4208; x_wconf 91' lang='lat' dir='ltr'><strong>alienis</strong></span> <span class='ocrx_word' id='word_1_214' title='bbox 654 4132 821 4204; x_wconf 90' lang='lat' dir='ltr'><strong>detinent</strong></span> <span class='ocrx_word' id='word_1_215' title='bbox 839 4130 984 4226; x_wconf 89' lang='lat' dir='ltr'><strong>publice</strong></span> <span class='ocrx_word' id='word_1_216' title='bbox 1001 4131 1218 4204; x_wconf 88' lang='lat' dir='ltr'><strong>concubinas</strong></span> <span class='ocrx_word' id='word_1_217' title='bbox 1234 4153 1295 4204; x_wconf 87' lang='lat' dir='ltr'><strong>eas</strong></span> <span class='ocrx_word' id='word_1_218' title='bbox 1311 4129 1448 4226; x_wconf 89' lang='lat' dir='ltr'><strong>prorsus</strong></span> <span class='ocrx_word' id='word_1_219' title='bbox 1464 4156 1486 4205; x_wconf 88' lang='lat' dir='ltr'><strong>a</strong></span> <span class='ocrx_word' id='word_1_220' title='bbox 1502 4129 1538 4206; x_wconf 91' lang='lat' dir='ltr'><strong>se</strong></span> <span class='ocrx_word' id='word_1_221' title='bbox 1554 4154 1763 4211; x_wconf 84' lang='lat' dir='ltr'><strong>remoueant</strong></span> 
     </span>
     <span class='ocr_line' id='line_1_28' title="bbox 436 4240 1763 4340; baseline 0 -18"><span class='ocrx_word' id='word_1_222' title='bbox 436 4249 529 4322; x_wconf 83' lang='lat' dir='ltr'><strong>inira</strong></span> <span class='ocrx_word' id='word_1_223' title='bbox 560 4240 719 4316; x_wconf 90' lang='lat' dir='ltr'><strong>mensem</strong></span> <span class='ocrx_word' id='word_1_224' title='bbox 748 4241 838 4316; x_wconf 79' lang='lat' dir='ltr'><strong>alias</strong></span> <span class='ocrx_word' id='word_1_225' title='bbox 866 4242 914 4314; x_wconf 89' lang='lat' dir='ltr'><strong>de</strong></span> <span class='ocrx_word' id='word_1_226' title='bbox 942 4255 1063 4316; x_wconf 88' lang='lat' dir='ltr'><strong>cetero</strong></span> <span class='ocrx_word' id='word_1_227' title='bbox 1092 4241 1291 4314; x_wconf 85' lang='lat' dir='ltr'><strong>nullatinus</strong></span> <span class='ocrx_word' id='word_1_228' title='bbox 1320 4242 1500 4316; x_wconf 88' lang='lat' dir='ltr'><strong>detenturi</strong></span> <span class='ocrx_word' id='word_1_229' title='bbox 1533 4244 1690 4340; x_wconf 83' lang='lat' dir='ltr'><strong>alioquin</strong></span> <span class='ocrx_word' id='word_1_230' title='bbox 1717 4251 1763 4322; x_wconf 88' lang='lat' dir='ltr'><strong>ab</strong></span> 
     </span>
     <span class='ocr_line' id='line_1_29' title="bbox 435 4347 1761 4452; baseline 0.004 -22"><span class='ocrx_word' id='word_1_231' title='bbox 435 4359 551 4432; x_wconf 87' lang='lat' dir='ltr'><strong>ollieio</strong></span> <span class='ocrx_word' id='word_1_232' title='bbox 575 4366 615 4428; x_wconf 90' lang='lat' dir='ltr'><strong>et</strong></span> <span class='ocrx_word' id='word_1_233' title='bbox 639 4351 815 4427; x_wconf 82' lang='lat' dir='ltr'><strong>beneflcio</strong></span> <span class='ocrx_word' id='word_1_234' title='bbox 843 4347 913 4424; x_wconf 90' lang='lat' dir='ltr'><strong>srnt</strong></span> <span class='ocrx_word' id='word_1_235' title='bbox 940 4348 1092 4449; x_wconf 76' lang='lat' dir='ltr'><strong>suspensi</strong></span> <span class='ocrx_word' id='word_1_236' title='bbox 1108 4391 1118 4410; x_wconf 93' lang='lat'><strong>·</strong></span> <span class='ocrx_word' id='word_1_237' title='bbox 1137 4351 1195 4425; x_wconf 88' lang='lat' dir='ltr'><strong>Ita</strong></span> <span class='ocrx_word' id='word_1_238' title='bbox 1219 4353 1315 4445; x_wconf 92' lang='lat' dir='ltr'><strong>quod</strong></span> <span class='ocrx_word' id='word_1_239' title='bbox 1336 4351 1443 4448; x_wconf 83' lang='lat' dir='ltr'><strong>vsque</strong></span> <span class='ocrx_word' id='word_1_240' title='bbox 1467 4378 1538 4448; x_wconf 93' lang='lat' dir='ltr'><strong>quo</strong></span> <span class='ocrx_word' id='word_1_241' title='bbox 1565 4354 1670 4452; x_wconf 86' lang='lat' dir='ltr'><strong>super</strong></span> <span class='ocrx_word' id='word_1_242' title='bbox 1693 4360 1761 4435; x_wconf 92' lang='lat' dir='ltr'><strong>hoc</strong></span> 
     </span>
     <span class='ocr_line' id='line_1_30' title="bbox 435 4459 1759 4558; baseline 0.001 -12"><span class='ocrx_word' id='word_1_243' title='bbox 435 4467 666 4546; x_wconf 78' lang='lat' dir='ltr'><strong>hriuoeerint</strong></span> <span class='ocrx_word' id='word_1_244' title='bbox 682 4466 729 4539; x_wconf 88' lang='lat' dir='ltr'><strong>de</strong></span> <span class='ocrx_word' id='word_1_245' title='bbox 750 4463 935 4558; x_wconf 67' lang='lat' dir='ltr'><strong>mnofletjs</strong></span> <span class='ocrx_word' id='word_1_246' title='bbox 959 4459 1202 4540; x_wconf 74' lang='lat' dir='ltr'><strong>ecelesiasticis</strong></span> <span class='ocrx_word' id='word_1_247' title='bbox 1217 4461 1255 4537; x_wconf 89' lang='lat' dir='ltr'><strong>se</strong></span> <span class='ocrx_word' id='word_1_248' title='bbox 1271 4463 1466 4540; x_wconf 83' lang='lat' dir='ltr'><strong>nullatinus</strong></span> <span class='ocrx_word' id='word_1_249' title='bbox 1490 4469 1733 4546; x_wconf 84' lang='lat' dir='ltr'><strong>intromittant</strong></span> <span class='ocrx_word' id='word_1_250' title='bbox 1749 4513 1759 4532; x_wconf 90' lang='lat'><strong>·</strong></span> 
     </span>
     <span class='ocr_line' id='line_1_31' title="bbox 433 4571 1759 4679; baseline 0.001 -22"><span class='ocrx_word' id='word_1_251' title='bbox 433 4581 591 4676; x_wconf 78' lang='lat' dir='ltr'><strong>alioquin</strong></span> <span class='ocrx_word' id='word_1_252' title='bbox 608 4575 682 4675; x_wconf 92' lang='lat' dir='ltr'><strong>ipso</strong></span> <span class='ocrx_word' id='word_1_253' title='bbox 699 4579 779 4650; x_wconf 88' lang='lat' dir='ltr'><strong>iure</strong></span> <span class='ocrx_word' id='word_1_254' title='bbox 795 4571 889 4671; x_wconf 87' lang='lat' dir='ltr'><strong>ipsos</strong></span> <span class='ocrx_word' id='word_1_255' title='bbox 905 4577 958 4651; x_wconf 88' lang='lat' dir='ltr'><strong>eis</strong></span> <span class='ocrx_word' id='word_1_256' title='bbox 975 4578 1200 4652; x_wconf 86' lang='lat' dir='ltr'><strong>deceruimus</strong></span> <span class='ocrx_word' id='word_1_257' title='bbox 1216 4573 1287 4650; x_wconf 83' lang='lat' dir='ltr'><strong>elle</strong></span> <span class='ocrx_word' id='word_1_258' title='bbox 1302 4579 1478 4672; x_wconf 83' lang='lat' dir='ltr'><strong>priuatos·</strong></span> <span class='ocrx_word' id='word_1_259' title='bbox 1493 4580 1657 4656; x_wconf 79' lang='lat' dir='ltr'><strong>volumus</strong></span> <span class='ocrx_word' id='word_1_260' title='bbox 1671 4606 1759 4679; x_wconf 89' lang='lat' dir='ltr'><strong>quo·</strong></span> 
     </span>
    </p>
   </div>
   <div class='ocr_carea' id='block_1_7' title="bbox 0 0 2300 5954">
    <p class='ocr_par' dir='ltr' id='par_1_7' title="bbox 0 0 2300 5954">
     <span class='ocr_line' id='line_1_32' title="bbox 0 0 2300 5954; baseline 0 8"><span class='ocrx_word' id='word_1_261' title='bbox 0 0 2300 5954; x_wconf 95' lang='lat' dir='ltr'><strong> </strong></span> 
     </span>
    </p>
   </div>
  </div>
 </body>
</html>
