4612 5964
530 799 634 894 xva]
980 800 1403 908 ,ABERDONENSE
1803 815 1872 882 115

531 1008 683 1072 cantent
699 1003 899 1076 matutinas
916 1003 963 1076 de
980 998 1102 1076 nostra
1119 1003 1266 1075 domina
1282 997 1443 1074 submissa
1456 1011 1578 1072 tamen
1595 1011 1634 1072 et
1650 1000 1873 1097 intelligibili

531 1135 620 1184 voce
638 1121 677 1184 et
693 1112 868 1188 liniantur
890 1116 988 1190 dicte
1012 1116 1197 1188 matutine
1219 1123 1304 1186 ante
1330 1114 1526 1184 matutinas
1544 1113 1588 1183 de
1606 1112 1665 1185 die
1681 1125 1722 1184 vt
1741 1111 1873 1208 poffint

529 1221 618 1296 dicti
637 1226 739 1318 pueri
758 1224 926 1300 interesse
951 1227 1146 1300 matutinis
1163 1228 1201 1296 in
1219 1225 1327 1297 choro
1352 1223 1411 1294 rbi
1437 1225 1608 1296 continue
1634 1221 1781 1299 stabunt
1798 1237 1873 1300 tres

528 1359 576 1410 ex
594 1359 666 1410 vna
681 1349 786 1432 parte
813 1340 913 1412 chori
931 1349 970 1412 et
987 1349 1061 1411 tres
1079 1359 1126 1408 ex
1143 1334 1258 1407 altera
1284 1357 1403 1407 coram
1429 1331 1539 1408 stallis
1555 1337 1719 1409 manibus
1736 1334 1808 1409 suis
1834 1342 1870 1410 in

528 1449 679 1524 manicis
696 1449 802 1546 super
818 1454 943 1545 pestus
967 1444 1144 1541 impolitis
1162 1447 1323 1518 vultibus
1348 1443 1515 1520 modestis
1533 1448 1671 1520 cultum
1687 1449 1872 1544 religionis

527 1573 567 1634 et
583 1565 774 1659 grauitatis
791 1587 855 1657 pre
875 1561 913 1636 se
930 1563 1089 1632 ferentes
1106 1582 1175 1630 nec
1192 1559 1277 1630 inde
1303 1556 1339 1630 se
1364 1569 1535 1630 moueant
1551 1555 1614 1630 nisr
1633 1571 1810 1634 vocentur
1826 1565 1871 1634 ad

525 1675 720 1748 ambonem
738 1674 797 1748 vel
813 1699 879 1769 per
895 1668 1076 1745 heristm
1104 1671 1150 1742 ad
1178 1670 1390 1743 deferendas
1416 1671 1518 1743 tedas
1541 1695 1683 1744 crucem
1709 1682 1775 1745 aut
1800 1674 1871 1746 alia

525 1784 719 1861 necessaria
736 1829 745 1845 ·

524 2010 681 2104 Sintque
707 2010 794 2081 didi
824 2009 926 2102 pueri
958 2003 1023 2079 sub
1047 2006 1177 2103 regula
1200 2004 1388 2102 disciplina
1420 2016 1459 2080 et
1491 2008 1697 2082 obedientia
1721 2032 1870 2106 precep-

523 2125 614 2194 toris
638 2119 760 2193 schole
784 2121 1006 2192 cantationis
1031 2128 1109 2191 tam
1134 2121 1173 2190 in
1199 2129 1311 2192 cantu
1336 2141 1443 2213 quam
1470 2123 1508 2191 in
1532 2122 1689 2194 moribus
1714 2145 1869 2215 quorum

522 2234 730 2329 cyrimoniis
755 2233 793 2304 in
819 2233 929 2304 choro
957 2228 1232 2325 superintendat
1262 2229 1449 2304 succentor
1475 2233 1536 2327 qui
1570 2231 1713 2306 eosdem
1738 2258 1868 2327 pueros

522 2344 657 2441 eligere
674 2344 786 2416 habet
803 2339 948 2416 seclusis
964 2366 1072 2437 prece
1089 2345 1207 2438 pretio
1224 2351 1289 2415 aut
1306 2343 1429 2416 fauore
1445 2341 1506 2416 sed
1523 2347 1636 2440 magis
1652 2346 1811 2440 ydoneos
1829 2358 1868 2420 et

520 2459 711 2552 peritiores
738 2458 777 2528 in
807 2466 918 2528 cantu
949 2476 1076 2526 vocem
1107 2455 1285 2549 puerilem
1319 2456 1495 2528 habentes
1528 2480 1617 2550 quos
1644 2455 1868 2552 presentabit

520 2570 660 2642 cantori
686 2569 855 2662 quotiens
878 2563 1092 2639 instituendi
1110 2565 1221 2638 sunt·
1241 2565 1339 2638 Item
1357 2568 1452 2661 quod
1470 2568 1554 2641 dieti
1579 2570 1681 2662 pueri
1698 2571 1867 2661 quotiens

519 2675 762 2752 instituuntur
786 2675 993 2751 deseruiant
1017 2679 1132 2771 gratis
1158 2675 1292 2771 absque
1317 2674 1503 2770 stipendiis
1521 2701 1585 2772 pro
1603 2680 1718 2750 tribus
1741 2682 1867 2772 primis

520 2788 703 2863 mensibus
729 2800 768 2862 et
794 2813 922 2862 corum
950 2786 1130 2882 stipendia
1155 2809 1310 2859 visacum
1327 2785 1464 2860 summa
1489 2787 1550 2860 sex
1570 2791 1629 2860 lib.
1648 2813 1864 2884 perannum

519 2903 672 2975 fundata
687 2899 874 2974 transeant
900 2902 946 2972 ad
972 2897 1273 2972 sustentationem
1298 2899 1487 2972 habituum
1504 2912 1544 2973 et
1560 2902 1655 2993 quod
1680 2901 1861 2996 reliquum

518 3015 631 3086 suerit
652 3010 758 3107 supra
784 3011 948 3106 sumptus
978 3013 1171 3084 habituum
1202 3023 1396 3104 reponatur
1418 3013 1455 3083 iu
1480 3014 1633 3105 quadam
1660 3023 1742 3087 teca
1767 3039 1865 3087 com·

519 3128 620 3198 muni
655 3124 815 3197 habente
845 3125 935 3197 duas
965 3122 1060 3196 seras
1095 3147 1179 3197 cum
1204 3123 1343 3196 duabus
1368 3124 1530 3197 elauibus
1562 3150 1712 3218 quarum
1746 3128 1861 3200 altera

518 3261 584 3332 per
614 3233 856 3330 presidentem
882 3236 1034 3331 capituli
1061 3260 1126 3332 pro
1157 3247 1320 3329 tempore
1345 3236 1459 3310 ultera
1485 3259 1570 3310 vero
1600 3261 1665 3330 per
1694 3263 1862 3332 procura-

518 3359 635 3422 torem
661 3371 894 3420 communem
917 3348 1069 3442 capituli
1094 3346 1317 3422 custodiatur
1340 3361 1379 3421 ct
1403 3347 1611 3445 disponatur
1632 3353 1669 3423 in
1688 3349 1856 3424 honestos

518 3460 599 3534 rsus
612 3456 762 3534 eoeleste
775 3461 820 3532 ad
834 3458 1091 3533 discretionem
1103 3459 1252 3554 capituli
1266 3501 1275 3518 ·
1290 3459 1341 3532 Et
1354 3456 1380 3532 si
1393 3463 1454 3554 qui
1467 3460 1643 3535 didiorum
1660 3487 1855 3557 puerorum

517 3574 677 3646 habeant
706 3582 876 3666 parentes
901 3573 1036 3645 diuites
1053 3573 1270 3668 prouideant
1295 3569 1358 3645 srbi
1385 3573 1431 3646 de
1460 3571 1531 3646 suis
1559 3575 1742 3648 habitibus
1772 3586 1858 3672 toga

517 3685 687 3758 ridelicct
705 3681 1006 3779 etsupcrpellicio
1023 3681 1182 3758 honestis
1198 3682 1398 3778 sumptibus
1416 3688 1567 3781 propriis
1583 3699 1622 3759 et
1638 3711 1751 3780 quum
1769 3688 1857 3762 dieti

515 3799 618 3892 pueri
635 3794 821 3871 amiserint
846 3820 973 3870 vocem
991 3795 1168 3892 puerilem
1185 3792 1233 3870 sic
1249 3797 1345 3890 quod
1362 3799 1515 3891 amplius
1533 3822 1605 3870 non
1621 3796 1704 3870 sunt
1720 3803 1851 3894 ydonei

514 3908 560 3980 ad
591 3908 659 3981 hoc
690 3931 823 3980 munus
852 3908 1080 3980 ihbeundum
1107 3919 1343 3982 amoueanter
1374 3933 1395 3982 a
1422 3910 1528 3983 choro
1561 3924 1600 3983 et
1632 3911 1694 3984 alii
1728 3937 1853 3985 eorum

515 4019 603 4092 loeis
628 4043 693 4114 per
718 4017 966 4093 succentorem
993 4029 1033 4092 vt
1059 4022 1285 4114 premittitur
1309 4017 1541 4094 instituantur
1565 4020 1703 4116 prouiso
1732 4036 1856 4098 tamen

517 4131 614 4225 quod
640 4131 695 4202 illi
722 4133 825 4224 pueri
852 4128 902 4204 src
936 4133 1049 4204 amoti
1075 4132 1279 4204 deliberent
1304 4137 1522 4227 procuratori
1545 4139 1726 4208 communi
1761 4143 1859 4234 copi-

514 4242 586 4315 tuli
603 4251 727 4338 togam
743 4253 783 4315 et
800 4242 1091 4339 superpellicium
1117 4244 1155 4313 in
1172 4265 1298 4314 eorum
1315 4241 1447 4317 recessu
1466 4242 1491 4316 sr
1509 4246 1554 4318 de
1572 4243 1773 4342 sumptibus
1799 4273 1857 4324 ec·

515 4350 623 4430 clesre
647 4354 720 4428 illis
737 4353 889 4450 desuper
912 4354 1094 4452 prouisum
1121 4353 1240 4428 suerat
1265 4350 1317 4426 sin
1341 4379 1425 4430 vero
1448 4353 1647 4452 sumptibus
1664 4371 1855 4454 parentum

513 4465 721 4540 huiusmodi
738 4466 885 4540 habitus
902 4467 1101 4562 comparati
1118 4477 1222 4541 erant
1242 4467 1338 4562 apud
1364 4467 1455 4564 ipsos
1471 4493 1599 4566 pueros
1614 4486 1828 4547 remaneant
1845 4516 1854 4532 ·

514 4579 612 4653 Item
630 4579 728 4672 quod
745 4579 832 4652 diei
850 4581 952 4674 puori
971 4581 1148 4652 incorum
1165 4581 1281 4672 primo
1298 4580 1458 4654 aduentu
1474 4581 1633 4677 prestent
1648 4587 1855 4659 cautionem

513 4693 692 4787 ydoneam
709 4692 756 4765 de
771 4690 1009 4765 retundendis
1034 4688 1194 4765 vestibus
1217 4714 1284 4787 per
1300 4692 1497 4787 capitulum
1522 4695 1654 4790 emptis
1670 4697 1710 4768 in
1726 4720 1852 4770 eorum
