4564 5968
474 682 558 777 xm]
920 679 1329 758 ABERDONENSE.
1746 691 1814 760 163

472 879 567 950 Item
593 882 631 950 in
660 882 955 958 circumferentia
979 881 1232 958 descendendo
1257 907 1279 954 e
1304 881 1512 954 summitate
1536 878 1664 953 sinistri
1689 881 1812 954 icteris

519 993 557 1081 xj
576 989 732 1086 saphires
748 1019 774 1067 x
789 999 953 1093 gemetis
970 1006 1011 1070 et
1027 997 1090 1090 viij
1107 1017 1265 1090 pavones
1283 1034 1292 1051 ·

470 1101 566 1173 Item
577 1105 615 1174 in
629 1103 724 1179 lineo
735 1106 972 1182 discendente
988 1107 1260 1204 trianguinriter
1276 1107 1314 1176 in
1331 1115 1434 1199 parte
1452 1107 1630 1178 anteriore
1646 1131 1668 1179 e
1684 1106 1812 1177 dextro

518 1225 619 1309 porte
638 1241 687 1290 xv
703 1223 865 1316 gemetis
882 1262 892 1279 ·

469 1325 563 1401 Item
577 1330 615 1402 in
627 1330 723 1404 linea
735 1329 971 1405 discendentc
984 1327 1257 1421 trIengulariter
1266 1322 1406 1400 sinistre
1423 1329 1535 1422 pertis
1547 1327 1705 1402 eiusdem
1719 1329 1809 1402 iate·

515 1443 564 1513 ris
580 1466 629 1515 xv
645 1441 795 1539 saphiris
810 1453 853 1516 et
868 1465 919 1516 xv
934 1439 1098 1536 garnetie
1117 1489 1127 1508 .
1656 1505 1658 1510 ,

467 1552 561 1626 Item
579 1553 794 1652 insupreme
810 1555 847 1626 le
872 1553 964 1624 vche
982 1547 1224 1622 discendendo
1241 1571 1306 1644 per
1322 1551 1484 1624 medinm
1509 1560 1628 1647 egret
1644 1548 1806 1645 sephiere

514 1678 578 1741 tua
593 1669 668 1740 mid
685 1667 800 1761 rnbije
816 1689 839 1738 n
855 1663 932 1736 mid
950 1659 1092 1755 sephier
1107 1668 1147 1733 et
1167 1661 1248 1732 thre
1265 1661 1352 1734 litill
1369 1659 1518 1757 sephirie
1535 1715 1544 1732 .

464 1777 559 1852 Item
576 1782 615 1852 in
632 1779 844 1872 pesecunde
860 1799 883 1846 e
897 1782 983 1870 gret
999 1784 1130 1868 gernot
1147 1812 1157 1830 ·
1174 1773 1226 1866 iiij
1239 1811 1249 1828 ·
1262 1773 1387 1878 nridiIe
1396 1775 1558 1870 gemetis
1574 1815 1585 1832 ·
1602 1775 1653 1868 iiij
1669 1774 1740 1848 Iitil
1753 1775 1806 1850 sn-

512 1893 645 1987 phieris
661 1891 733 1963 end
743 1889 874 1962 betuix
885 1893 929 1978 pe
940 1894 1007 1956 tue
1017 1883 1119 1956 vehis
1130 1924 1139 1940 ·
1151 1884 1175 1978 ij
1189 1882 1261 1956 litii
1272 1888 1432 1981 gemetis
1444 1887 1583 1959 beneth
1597 1895 1641 1977 pc
1651 1884 1805 1960 secunde

510 2005 602 2076 eche
617 2041 626 2058 ·
643 2004 669 2097 ij
687 2041 696 2058 ·
711 1998 782 2071 litii
799 1999 964 2094 gemetis
981 2037 990 2056 ·

462 2112 556 2186 Item
573 2117 611 2186 in
628 2120 672 2206 pe
688 2109 789 2203 pride
807 2110 899 2182 roho
917 2106 1160 2182 discendendo
1176 2132 1242 2204 per
1253 2111 1414 2183 medinm
1431 2135 1454 2184 n
1468 2121 1572 2205 perte
1588 2114 1766 2186 anteriore
1782 2139 1804 2186 a

508 2236 590 2322 gret
605 2221 744 2318 snphire
757 2259 766 2278 ·
778 2223 830 2315 iiij
849 2220 968 2293 midili
986 2224 1148 2318 gemetis
1164 2232 1204 2296 ct
1221 2222 1271 2316 iiij
1289 2220 1361 2294 litil
1379 2221 1527 2317 saphiris
1539 2261 1548 2280 ·
1561 2233 1599 2296 ct
1617 2226 1802 2318 vnderpnt

507 2337 599 2408 vche
616 2336 639 2428 ij
653 2334 739 2406 litill
755 2334 920 2429 geruntio
936 2368 946 2389 ·

459 2448 554 2521 Item
579 2449 618 2520 in
642 2457 687 2539 pe
705 2447 805 2519 ferde
831 2445 924 2518 vche
949 2442 1192 2517 discendendo
1218 2467 1284 2540 per
1300 2445 1462 2518 medium
1480 2469 1504 2518 e
1517 2457 1623 2541 porte
1647 2458 1734 2520 onte
1752 2473 1801 2521 ·c

504 2569 587 2655 gret
603 2568 733 2653 gernot
748 2596 757 2614 ·
775 2558 827 2652 iiij
843 2556 950 2630 midii
967 2558 1130 2652 gematis
1146 2564 1208 2629 ·et
1224 2555 1275 2648 iiij
1291 2553 1377 2628 iitill
1390 2554 1539 2649 saphiris
1555 2566 1595 2629 et
1611 2557 1725 2631 vnder
1739 2569 1802 2651 pot

507 2673 530 2764 ij
550 2670 621 2741 litii
639 2672 823 2766 gerontis·

457 2781 552 2854 Item
578 2785 615 2854 in
640 2791 744 2877 perte
762 2783 895 2856 dextre
920 2780 1134 2877 triangulari
1152 2781 1199 2853 eb
1225 2786 1312 2850 ente
1328 2777 1367 2848 in
1390 2775 1557 2874 supremo
1572 2791 1675 2874 parte
1692 2783 1802 2855 trien·

503 2888 619 2983 gulori
637 2915 659 2962 n
675 2889 761 2961 Iitill
772 2899 905 2985 gernot
922 2899 963 2962 et
980 2887 1095 2962 vnder
1119 2896 1182 2980 pot
1199 2913 1245 2962 nn
1263 2889 1355 2962 vche
1370 2891 1409 2962 in
1426 2891 1530 2962 cuins
1547 2891 1666 2963 medio
1683 2917 1705 2966 e
1719 2907 1801 2989 gret

502 3013 632 3096 gamat
654 3005 743 3074 etin
763 3003 1061 3075 circumferencie
1077 3000 1176 3074 illiue
1194 3003 1228 3094 vj
1248 3001 1351 3073 midil
1376 3004 1537 3098 gemetis
1554 3013 1593 3075 et
1609 3006 1722 3078 vnder
1739 3016 1800 3097 pet

504 3115 527 3207 ij
545 3117 732 3210 gemetis·

454 3223 548 3297 Item
568 3227 603 3296 in
622 3236 666 3318 pe
684 3223 818 3297 secund
834 3236 917 3320 gret
934 3226 1027 3298 vche
1049 3225 1088 3297 in
1105 3224 1226 3297 medio
1237 3225 1254 3318 j
1271 3233 1354 3321 gret
1371 3223 1577 3320 nnameIIng
1589 3227 1623 3320 vj
1639 3233 1799 3323 gerontis

501 3349 541 3410 et
552 3361 574 3406 v
585 3337 669 3409 iitill
687 3338 811 3434 perilis
821 3346 861 3410 et
871 3337 1165 3408 circumferentia
1174 3336 1274 3410 illim
1284 3337 1321 3430 iij
1330 3335 1404 3409 ¹litii
1415 3339 1575 3433 gometio
1591 3352 1651 3410 ·et
1662 3363 1683 3410 n
1696 3355 1798 3433 porte

501 3448 822 3523 dexteraeiusdem
842 3449 877 3520 Ic
892 3456 976 3544 gret
1000 3447 1093 3522 vche
1103 3447 1122 3541 j
1140 3446 1226 3520 Iitill
1244 3447 1336 3520 vche
1352 3450 1392 3520 in
1405 3449 1508 3522 cuiue
1520 3449 1639 3521 medio
1656 3474 1678 3522 a
1695 3453 1794 3523 midii

500 3559 617 3656 saphir
633 3573 672 3635 et
689 3567 825 3636 circum
844 3563 882 3655 iij
902 3557 974 3632 iitiI
990 3560 1179 3656 gemetis.

452 3672 548 3746 Item
573 3677 611 3747 in
641 3672 790 3748 senistre
817 3682 921 3768 perte
951 3669 1114 3744 eiusdem
1139 3669 1264 3744 interis
1292 3673 1332 3744 in
1362 3683 1466 3766 porte
1495 3673 1706 3769 triangulari
1737 3688 1794 3748 tot

500 3787 609 3860 vchee
632 3812 675 3862 ec
700 3787 840 3882 lapidee
856 3795 896 3860 ct
913 3794 972 3857 tot
984 3781 1101 3878 perlIe
1115 3805 1186 3855 vno
1202 3794 1360 3878 excepto
1376 3793 1467 3876 quot
1478 3779 1534 3857 est
1550 3785 1588 3856 in
1606 3783 1672 3858 iste
1689 3799 1794 3881 perte

500 3899 672 3972 videlicet
685 3902 724 3972 in
741 3898 777 3971 ie
793 3907 877 3995 gret
893 3895 1035 3989 rchevj
1053 3893 1169 3989 perlle
1186 3935 1195 3952 ·

452 4009 547 4084 Item
564 4012 602 4082 in
619 4012 738 4084 fronte
751 4007 914 4084 eiusdem
931 4007 1057 4081 leteris
1069 4045 1079 4064 ·
1092 4029 1117 4075 v
1133 4047 1142 4066 ·
1161 4008 1263 4080 roffio
1279 4006 1396 4101 primo
1411 4007 1613 4081 inchoando
1631 4010 1793 4084 adextrc

498 4131 602 4217 parte
617 4160 627 4180 ·
644 4124 668 4217 ij
687 4122 759 4195 litii
783 4122 947 4220 gemetIe
972 4129 1079 4192 extre
1104 4116 1139 4192 ie
1164 4119 1257 4191 voire
1281 4118 1378 4191 etin
1403 4121 1524 4193 medio
1549 4120 1637 4192 dscti
1654 4121 1746 4194 vclre
1771 4147 1792 4194 n

498 4245 581 4332 gret
593 4233 710 4330 saphir
722 4235 775 4330 iiij
794 4233 897 4307 midil
913 4233 1076 4329 gernetIe
1092 4271 1102 4288 ·
1120 4232 1160 4327 iij
1177 4229 1249 4304 litil
1261 4231 1423 4326 gometio
1439 4239 1511 4306 etc
1527 4229 1645 4327 sophir
1661 4231 1793 4306 Conse·

498 4357 652 4441 qnenter
667 4349 706 4420 in
724 4346 832 4442 pleno
857 4347 882 4441 ij
900 4343 974 4418 litil
991 4345 1178 4440 gernetIe·

451 4459 594 4534 Deinde
610 4461 649 4532 in
665 4457 702 4532 le
718 4456 853 4532 secund
870 4457 963 4531 voire
980 4479 1003 4530 c
1018 4466 1102 4554 gret
1124 4464 1254 4554 gnrnct
1268 4455 1321 4550 iiij
1346 4455 1450 4530 midii
1474 4457 1633 4554 gemetis
1647 4479 1695 4530 ·n
1719 4455 1791 4531 litii

498 4581 627 4668 gernot
651 4581 690 4644 et
706 4571 745 4666 iij
763 4569 836 4642 litii
853 4567 1003 4665 saphiris
1020 4570 1154 4643 deinde
1170 4569 1208 4642 in
1224 4565 1335 4666 pleno
1343 4567 1361 4662 j
1375 4565 1447 4641 litil
1463 4576 1591 4666 gemet
1608 4607 1618 4626 ·
