4546 5922
471 757 696 853 ,trraxorx.]
928 767 1332 844 ABERDONENSE.
1492 873 1495 879 Ι
1732 778 1799 844 391

463 954 507 1024 ad
526 953 759 1035 feodilirmam
778 988 819 1038 ao
841 963 1091 1062 emphiteosim
1111 979 1322 1062 perpetuam
1341 968 1556 1038 hereditarie
1580 965 1746 1042 dimifitle
1765 985 1803 1041 et

463 1065 527 1138 hnc
546 1071 699 1162 presenti
717 1087 817 1150 carta
829 1075 949 1150 nostra
958 1076 1180 1151 confirmasse
1192 1100 1332 1150 necnon
1345 1074 1471 1148 tenore
1484 1077 1702 1170 presentium
1718 1077 1803 1153 alse-

462 1178 546 1253 dare
561 1222 570 1238 ·
588 1225 596 1240 ·
615 1225 624 1242 ·
644 1190 782 1280 prefato
797 1189 988 1262 Willalmo
1004 1186 1121 1261 Lessie
1138 1190 1183 1260 de
1197 1187 1408 1280 Balquhane
1425 1189 1616 1262 heredibus
1630 1187 1700 1261 suis
1713 1190 1804 1263 mas-

460 1291 550 1366 culis
567 1311 605 1369 et
618 1295 800 1396 affignatia
811 1298 1083 1394 quibuscunque
1101 1309 1196 1370 totas
1213 1309 1251 1370 et
1265 1301 1424 1395 integras
1443 1311 1556 1372 terrae
1572 1298 1721 1372 schiram
1740 1303 1800 1374 seu

463 1403 644 1481 baroniam
659 1411 705 1482 de
717 1411 915 1484 Fettirneir
928 1434 1011 1482 oum
1023 1411 1102 1481 t'oto
1117 1407 1272 1503 hospicio
1286 1421 1386 1483 turre
1399 1420 1437 1483 et
1451 1411 1628 1484 fortalicio
1642 1410 1801 1484 eiusdem

459 1539 539 1588 cum
552 1510 699 1614 pisc'aria
710 1521 909 1595 salmonum
920 1519 1025 1616 super
1035 1545 1127 1614 aqna
1138 1519 1183 1594 de
1197 1523 1303 1596 Done
1314 1526 1425 1617 pratis
1435 1525 1642 1597 molendino
1653 1521 1800 1596 forresta

458 1653 499 1701 ao
519 1634 642 1706 crottia
668 1633 815 1727 aliisquo
841 1632 1042 1726 pendiculis
1059 1644 1098 1706 et
1124 1637 1377 1728 pertinentiis·
1398 1647 1493 1710 teras
1521 1638 1567 1709 de
1593 1637 1798 1732 Talgeauch

458 1745 614 1817 iacentes
628 1746 719 1817 infra
729 1744 880 1817 schiram
891 1744 938 1816 de
950 1743 1148 1818 Fettirneir
1160 1758 1198 1820 et
1208 1747 1501 1823 vicecomitatum
1516 1750 1562 1822 de
1572 1750 1773 1823 Abirdeine
1790 1788 1798 1804 ·

456 1853 643 1928 Tenendas
659 1893 668 1911 ·
744 1856 789 1927 de
807 1856 911 1927 nobis
929 1865 968 1928 et
985 1853 1236 1934 successoribus
1247 1859 1374 1934 nostris
1388 1858 1699 1935 Abirdonenilbus
1712 1862 1799 1958 epis·

455 1969 552 2060 eopia
569 1969 605 2037 in
625 1967 823 2039 feodifirnra
840 1991 882 2041 ac
900 1966 1113 2064 emphiteosr
1125 1984 1164 2044 et
1177 1973 1378 2049 hereditate
1395 1978 1434 2049 in
1451 1991 1670 2074 perpetuum
1705 2023 1713 2039 ·
1745 2025 1753 2041 ·
1788 2025 1795 2038 ·

457 2079 653 2150 Reddendo
672 2079 756 2150 inde
783 2083 973 2152 annuatim
1002 2082 1119 2154 discus
1139 2083 1348 2161 Willalmua
1365 2087 1484 2165 Lellie
1511 2094 1557 2166 de
1582 2095 1796 2193 Balquhane

456 2189 577 2282 suique
595 2190 744 2262 heredes
761 2188 910 2263 masculi
927 2203 994 2265 aut
1009 2189 1175 2291 assignati
1193 2199 1343 2292 prodisti
1361 2204 1466 2277 nobie
1484 2216 1523 2279 et
1539 2206 1795 2287 suecessoribus

455 2298 580 2372 nostris
598 2300 908 2376 Abirdonensabus
925 2303 1100 2402 episcopis
1117 2305 1289 2384 nostrisue
1299 2324 1365 2386 aut
1375 2320 1573 2392 eorundem
1590 2313 1795 2398 camerariis

454 2437 516 2507 pro
534 2411 674 2507 prefata
691 2414 840 2488 baronia
857 2411 971 2489 schira
989 2418 1035 2489 de
1054 2417 1250 2494 Fettirneir
1267 2448 1350 2496 cum
1369 2437 1449 2500 toto
1467 2428 1624 2527 hospicio
1643 2446 1742 2511 turre
1755 2452 1794 2511 et

452 2525 628 2598 fortalicio
646 2523 807 2598 eiusdem
824 2526 1034 2599 molendino
1052 2531 1222 2605 multaris
1234 2533 1385 2609 forresta
1397 2541 1522 2614 croftis
1539 2544 1690 2642 aliisque
1707 2576 1792 2646 pen-

452 2637 579 2710 diculis
609 2648 647 2710 et
679 2639 910 2732 pertinentiis
938 2636 1097 2713 eiusdem
1125 2667 1189 2738 pro
1220 2645 1323 2719 firma
1338 2644 1515 2724 summam
1546 2652 1791 2752 septendecim

451 2749 620 2822 librarum
649 2748 710 2821 sex
741 2747 933 2822 solidorum
961 2760 1000 2822 et
1031 2753 1110 2825 odo
1137 2756 1363 2830 denariorum
1387 2755 1535 2838 monete
1564 2767 1688 2845 Scotie
1719 2787 1792 2850 tres

449 2862 587 2935 celdraa
625 2861 763 2956 septem
790 2863 912 2936 holeac
940 2865 1031 2960 ordij
1068 2889 1151 2938 cum
1182 2869 1268 2942 bato
1306 2873 1458 2947 cuilibet
1497 2877 1594 2953 bolla
1625 2886 1682 2958 vel
1711 2892 1790 2962 otto

451 2975 557 3049 libras
574 2998 638 3070 pro
665 2976 829 3069 qualibet
858 2976 981 3050 celdra
1007 2979 1052 3051 ad
1084 2981 1261 3053 rationem
1288 3006 1399 3056 vnum
1425 3000 1633 3065 muttonem
1651 3001 1709 3072 vel
1728 3001 1788 3076 sex

449 3084 576 3159 solidos
603 3086 682 3158 otto
710 3088 876 3160 denarios
906 3111 970 3184 pro
1001 3091 1130 3162 eodem
1159 3094 1332 3167 tredecim
1363 3096 1547 3176 duodenas
1573 3107 1787 3202 gallinarum

448 3194 721 3271 domesticarum
733 3199 790 3271 rel
801 3209 957 3293 quatuor
967 3198 1096 3275 solidos
1108 3227 1173 3297 pro
1184 3205 1345 3298 qualibet
1357 3209 1523 3287 duodena
1536 3239 1642 3292 enam
1655 3223 1787 3301 hollam

446 3334 642 3385 auenarum
660 3310 718 3382 vel
731 3311 970 3409 quadraginta
986 3313 1152 3388 denarios
1165 3339 1229 3411 pro
1239 3319 1366 3392 eadem
1379 3344 1444 3417 pro
1459 3324 1638 3420 pessuma
1654 3360 1789 3414 annua-

447 3427 511 3496 tim
532 3435 605 3496 tres
623 3422 731 3495 librae
749 3446 882 3495 nonem
904 3422 1035 3498 solidos
1058 3438 1212 3520 quatuor
1229 3431 1393 3506 denarios
1415 3459 1480 3530 pro
1506 3439 1692 3542 bondagiia
1709 3455 1788 3525 otto

446 3535 574 3608 solidos
591 3533 673 3607 octo
691 3535 856 3607 denarios
872 3559 937 3630 pro
953 3536 1104 3632 piscaria
1119 3537 1318 3616 salmonum
1344 3567 1456 3619 vnum
1476 3551 1643 3629 barillum
1662 3558 1787 3637 salmo·

445 3669 532 3721 num
550 3646 608 3719 vel
626 3657 700 3719 tres
717 3645 826 3719 libras
842 3669 907 3742 pro
925 3649 1054 3722 eodem
1071 3675 1135 3746 pro
1148 3651 1302 3729 seruitiis
1320 3658 1480 3734 eiusdem
1497 3665 1644 3744 baronie
1660 3675 1785 3751 decem

444 3757 572 3832 solidos
606 3769 645 3831 et
677 3761 837 3852 quinque
870 3757 1000 3834 solidos
1033 3775 1190 3857 quatuor
1221 3767 1387 3844 denarios
1420 3774 1458 3846 in
1488 3792 1786 3875 augmentatione

443 3867 552 3944 nostri
562 3871 711 3944 tentalis
725 3870 796 3944 Pro
809 3875 915 3945 terris
926 3874 972 3947 de
984 3873 1157 3950 Taliauch
1170 3903 1234 3974 pro
1245 3879 1368 3955 sermio
1381 3894 1420 3957 et
1429 3885 1617 3982 grassumio
1630 3910 1786 3989 quatuor

442 3982 550 4056 libras
563 4005 627 4077 pro
640 3991 768 4075 quarta
784 3994 887 4076 parte
905 3986 1010 4058 vnius
1026 3999 1143 4063 marte
1160 3991 1285 4065 decem
1304 3990 1433 4070 solidos
1452 4023 1562 4074 vnum
1576 4020 1782 4088 motionem

442 4095 500 4170 vel
517 4091 577 4167 sex
607 4092 734 4167 solidos
763 4099 844 4170 odeo
870 4097 1035 4171 denarios
1063 4122 1128 4195 pro
1155 4103 1283 4178 eodem
1309 4111 1457 4184 nomine
1484 4113 1533 4187 lie
1561 4119 1697 4210 pultrie
1726 4129 1782 4200 vel

441 4220 596 4305 quatuor
622 4208 786 4279 denarios
813 4231 877 4303 pro
905 4211 1068 4302 qualibet
1092 4217 1191 4307 petia
1215 4240 1348 4294 nouem
1373 4221 1526 4317 gallinas
1551 4233 1708 4308 murales
1726 4240 1783 4312 rel

440 4331 593 4414 quatuor
609 4319 774 4393 denarios
804 4343 868 4414 pro
885 4323 1050 4415 qualibet
1067 4328 1167 4419 petia
1183 4350 1291 4403 enam
1316 4331 1451 4407 hollam
1476 4361 1674 4417 auenarum
1699 4372 1781 4424 cunr

440 4432 572 4527 pabulo
590 4432 646 4504 vel
671 4432 909 4528 quadraginta
934 4437 1099 4511 denarios
1123 4461 1188 4534 pro
1213 4443 1341 4516 eodem
1370 4469 1434 4540 pro
1453 4449 1634 4550 bondagio
1652 4461 1781 4558 viginti

440 4545 603 4616 denarios
619 4567 683 4640 pro
702 4541 847 4616 seruitio
878 4545 1055 4621 dictarum
1085 4561 1260 4625 terrarum
1286 4554 1348 4628 sex
1365 4555 1495 4633 solidos
1512 4564 1592 4638 otto
1617 4571 1782 4649 denarios

441 4679 505 4752 pro
521 4659 817 4752 augmentatione
845 4660 994 4734 rentalis
1022 4675 1096 4836 ηερε
1120 4663 1250 4742 solidos
1272 4679 1427 4765 quatuor
1453 4674 1618 4753 denarios
1635 4700 1782 4763 monete

491 4775 572 4828 voa.
591 4777 633 4828 11.
1109 4789 1126 4838 a
