4546 5922
494 676 565 744 sia
1025 661 1333 737 REGISTRUM
1604 673 1832 770 [irrsunix.

496 865 602 942 clesia
618 867 814 942 cathedrali
840 861 1080 940 constituatur
1096 885 1190 934 viius
1213 861 1397 958 theologie
1422 865 1541 938 doctor
1565 875 1687 944 autin
1704 875 1829 948 eadem

496 983 703 1056 licentiatus
719 984 780 1076 qui
805 975 912 1076 poffit
929 977 1080 1050 verbnm
1101 976 1160 1048 dei
1186 973 1322 1070 populo
1338 975 1517 1068 predicare
1534 1017 1544 1036 ·
1564 978 1645 1052 Nos
1663 1004 1748 1056 vero
1764 1025 1774 1044 ·
1792 1025 1801 1043 ·
1820 1027 1829 1044 ·

495 1093 684 1168 discretum
698 1097 814 1166 virum
827 1087 1036 1188 magistrum
1049 1085 1419 1161 JoannemWatsouii
1430 1089 1465 1158 in
1475 1085 1581 1162 sacris
1594 1089 1709 1164 literis
1722 1093 1833 1168 licen-

496 1209 627 1281 tiatum
642 1217 813 1301 tanquam
826 1206 998 1277 idoneum
1015 1212 1055 1274 et
1070 1199 1233 1274 habilem
1243 1209 1354 1294 prout
1372 1222 1436 1271 uos
1447 1203 1696 1294 experimento
1708 1205 1833 1280 didici·

497 1343 578 1393 mus
587 1320 633 1393 ad
646 1317 899 1412 exequendum
916 1309 1083 1410 premissa
1093 1315 1130 1386 in
1144 1312 1361 1386 canonicum
1371 1322 1411 1384 et
1421 1313 1633 1386 confratrem
1652 1352 1661 1371 ·
1680 1353 1689 1372 ·
1707 1355 1718 1374 ·
1735 1339 1832 1390 rece·

495 1436 639 1528 pimus·
659 1470 668 1488 ·
686 1469 694 1486 ·
713 1452 755 1501 ao
773 1426 799 1499 si
816 1425 1037 1519 prebendam
1054 1427 1092 1496 iri
1109 1423 1206 1497 uitta
1217 1422 1340 1498 nostra
1355 1419 1500 1498 ecelesia
1516 1446 1599 1498 cum
1618 1427 1830 1500 canonicatu

496 1539 763 1616 contulissemus
780 1574 789 1594 ·
805 1575 814 1593 ·
831 1572 840 1591 ·
858 1557 941 1607 cum
960 1556 1049 1606 voce
1065 1535 1184 1608 auius
1200 1547 1240 1608 et
1256 1531 1394 1632 paffiua
1419 1539 1455 1609 iii
1482 1536 1642 1632 capitulo
1661 1577 1669 1594 ·
1688 1577 1697 1595 ·
1717 1581 1725 1598 ·
1744 1561 1833 1632 qno-

496 1651 631 1747 usque·
651 1690 660 1708 ·
678 1689 686 1708 ·
706 1650 751 1720 de
767 1644 951 1742 prebenda
967 1647 1151 1720 antedicta
1177 1643 1328 1720 ecclesie
1358 1644 1527 1745 assignata
1553 1648 1724 1748 theologo
1753 1672 1832 1745 pre-

495 1767 571 1837 fato
598 1757 766 1856 magistro
790 1757 924 1828 Joarini
941 1753 1122 1848 prouisum
1149 1758 1263 1830 suerit
1292 1781 1376 1830 cuni
1394 1783 1515 1832 vacare
1531 1763 1714 1857 contingit
1729 1763 1832 1836 iuxta

495 1874 778 1947 nominationem
803 1891 868 1963 per
892 1889 958 1938 nos
984 1866 1115 1938 sicam
1146 1869 1186 1939 in
1220 1869 1375 1942 concilio
1404 1871 1487 1944 cleri
1514 1871 1700 1948 Scoticani
1729 1887 1831 1948 tento

495 1985 591 2080 apud
609 1980 838 2076 Edinhurght
856 1980 893 2050 in
911 1971 1182 2072 quadragesima
1198 1980 1409 2052 immediate
1422 1984 1635 2076 procedente
1652 2008 1736 2060 cum
1753 1989 1832 2061 aliis

494 2095 642 2191 prelatis
671 2091 861 2165 abbatibus
888 2099 927 2161 et
952 2087 1161 2181 proceribus
1188 2091 1302 2161 totius
1323 2092 1426 2186 regni
1442 2091 1562 2167 scotie
1579 2135 1588 2152 ·
1608 2135 1617 2154 .
1636 2137 1645 2155 .
1666 2097 1753 2171 Non
1770 2101 1832 2172 ob.

495 2204 672 2278 stantibus
705 2199 1024 2276 constitutionibus
1052 2210 1092 2271 et
1119 2201 1409 2273 ordinationibus
1435 2200 1578 2276 ecclesie
1604 2204 1724 2282 nostre
1755 2215 1833 2304 qui-

494 2316 701 2409 buscunque
718 2337 788 2408 que
802 2314 918 2385 iacere
934 2310 1146 2384 viderentur
1157 2322 1287 2384 contra
1299 2315 1514 2386 creationem
1531 2329 1571 2386 et
1587 2322 1831 2412 receptionem

494 2431 643 2526 preditti
673 2422 830 2522 magistri
860 2423 1013 2496 Joannis
1038 2425 1077 2494 in
1102 2425 1346 2498 canonicum·
1366 2465 1374 2484 ·
1393 2463 1402 2480 ·
1419 2437 1456 2499 et
1473 2421 1654 2523 signanter
1669 2431 1748 2504 ado
1766 2475 1775 2494 .
1794 2473 1803 2493 .
1823 2477 1831 2494 .

494 2543 594 2616 edito
623 2541 669 2612 de
691 2540 777 2611 data
799 2538 939 2608 decimo
965 2531 1067 2607 sexto
1097 2535 1158 2608 die
1188 2531 1320 2609 mensis
1346 2535 1525 2632 Februarij
1555 2563 1652 2612 anno
1682 2540 1829 2616 Domini

494 2650 682 2728 millesimo
699 2643 985 2746 quingentesimo
1010 2643 1195 2744 trigesimo
1215 2646 1369 2742 septimo
1387 2687 1396 2706 ·
1416 2648 1463 2722 Et
1480 2649 1545 2723 hoo
1563 2652 1648 2744 quia
1669 2653 1735 2727 liiic
1753 2658 1831 2728 sice

493 2767 625 2839 iudicio
641 2761 762 2836 nostro
778 2772 817 2834 et
833 2757 984 2853 capituli
1001 2757 1112 2832 nostri
1128 2755 1365 2834 consideratis
1381 2758 1656 2858 circumstantijs
1673 2764 1833 2841 declara·

493 2889 573 2950 tum
602 2887 641 2949 et
669 2875 947 2966 interpretatum
975 2866 1029 2942 est
1057 2868 1273 2944 huiusmodo
1289 2871 1369 2944 abbo
1386 2870 1594 2946 satiiladum
1621 2871 1690 2949 eise
1708 2891 1747 2950 et
1763 2879 1829 2952 hoc

493 2990 680 3085 negotium
707 3009 780 3057 nori
810 2979 880 3056 csse
913 2983 1067 3055 arduum
1086 3025 1095 3042 ·
1113 2982 1237 3067 Quare
1266 2983 1367 3055 vobis
1393 2983 1640 3082 ···magistro
1667 2987 1829 3062 Robcrto

494 3098 633 3196 Erilryn
651 3093 800 3172 ecclesie
817 3091 937 3167 nostre
967 3094 1104 3166 decano
1122 3131 1131 3150 ·
1148 3134 1158 3153 ·
1177 3135 1186 3152 ·
1205 3094 1420 3166 mandamus
1445 3108 1621 3189 qnatenus
1650 3101 1829 3194 prefatum

493 3211 701 3310 magistrum
732 3208 912 3281 Joanncm
940 3201 1100 3276 nostrum
1130 3207 1348 3279 canonicum
1383 3207 1429 3280 de
1455 3230 1549 3281 nouo
1573 3224 1763 3284 creatum·
1788 3253 1829 3272 ··

494 3331 530 3400 iii
560 3324 692 3398 realem
719 3313 965 3416 possessiouem
995 3317 1081 3390 disti
1109 3319 1348 3392 canonicatus
1379 3341 1459 3392 cuni
1491 3319 1718 3414 plenitudine
1743 3326 1829 3398 iuris

494 3435 643 3532 capituli
662 3477 671 3494 ·
689 3473 699 3492 ·
716 3475 725 3490 ·
744 3427 942 3503 instituatis
959 3466 968 3484 ·
984 3465 994 3484 ·
1011 3468 1021 3486 ·
1041 3427 1205 3524 Recepto
1222 3430 1323 3524 prius
1339 3430 1386 3503 ab
1404 3431 1526 3504 eodem
1545 3433 1748 3508 iuramento
1764 3477 1773 3494 ·
1792 3478 1800 3495 ·
1819 3478 1827 3494 ·

493 3551 540 3623 de
574 3544 803 3622 obseruandis
829 3539 1070 3616 laudabilibus
1096 3538 1420 3614 consuetudinibus
1445 3553 1484 3616 et
1506 3538 1651 3617 statutis
1680 3548 1827 3641 capituli

493 3658 602 3735 nostri·
620 3697 629 3717 ·
647 3697 656 3716 ·
676 3702 684 3718 ·
702 3652 842 3753 prouiso
867 3653 963 3747 quod
981 3654 1098 3725 dictus
1115 3650 1285 3749 magister
1308 3647 1335 3724 J
1337 3675 1470 3726 oannes
1485 3651 1702 3750 pcrsimilem
1721 3659 1825 3734 saciat

493 3769 720 3848 residentiam
738 3771 776 3840 in
793 3767 900 3838 choro
918 3765 1013 3836 dice
1031 3760 1152 3836 nostre
1169 3763 1320 3840 ecclesie
1341 3785 1424 3838 cum
1440 3763 1515 3838 eliis
1532 3803 1542 3822 ·
1559 3809 1568 3827 ·
1588 3810 1597 3826 ·
1615 3777 1827 3844 concanoni-

492 3888 545 3959 cis
561 3921 571 3940 ·
587 3923 596 3942 ·
613 3919 624 3938 ·
641 3901 782 3954 necnon
811 3887 981 3950 teneatur
1002 3885 1167 3971 tempore
1196 3875 1295 3950 dicte
1322 3876 1385 3948 sue
1412 3871 1599 3952 residentia
1621 3880 1667 3953 ad
1684 3881 1828 3978 publice

492 3995 685 4094 legendnm
702 3995 740 4065 in
757 3987 864 4064 sacris
880 3987 996 4060 literis
1019 3988 1076 4060 bis
1093 3984 1242 4085 singulis
1260 3985 1466 4083 septimanis
1481 3989 1519 4061 in
1544 3991 1683 4088 templo
1707 3992 1827 4068 nostro

492 4121 531 4184 et
564 4104 672 4180 semel
707 4101 871 4199 quolibet
905 4097 1030 4172 mense
1059 4101 1210 4175 verbum
1238 4101 1296 4172 dei
1330 4100 1462 4195 populo
1485 4104 1743 4196 predicandum
1760 4147 1770 4166 ·
1788 4149 1824 4166 ··

492 4221 646 4295 Neorion
671 4215 716 4290 ad
752 4209 860 4286 semel
895 4211 934 4283 iii
970 4232 1067 4283 anno
1093 4211 1296 4309 quemlibet
1324 4207 1548 4288 ecclesianam
1579 4220 1825 4292 communium

490 4337 577 4411 diui
595 4331 744 4428 capituli
761 4323 978 4402 visitandum
1003 4327 1041 4398 iii
1067 4327 1212 4423 propria
1235 4319 1388 4420 persona
1403 4335 1443 4399 et
1459 4328 1683 4420 parochianis
1699 4353 1827 4406 earun-

488 4451 572 4524 dem
612 4442 715 4518 simili
741 4439 848 4515 modo
878 4438 1028 4512 verbum
1066 4439 1125 4514 dei
1152 4435 1412 4534 predicandum
1428 4475 1438 4496 ·
1453 4479 1462 4496 ·
1478 4476 1489 4495 ·
1504 4437 1603 4512 Data
1636 4439 1695 4515 die
1729 4466 1824 4516 nono
