<?xml version="1.0" encoding="UTF-8"?>
<!DOCTYPE html PUBLIC "-//W3C//DTD XHTML 1.0 Transitional//EN"
    "http://www.w3.org/TR/xhtml1/DTD/xhtml1-transitional.dtd">
<html xmlns="http://www.w3.org/1999/xhtml" xml:lang="en" lang="en">
 <head>
  <title>
</title>
<meta http-equiv="Content-Type" content="text/html;charset=utf-8" />
  <meta name='ocr-system' content='tesseract 3.04.00' />
  <meta name='ocr-capabilities' content='ocr_page ocr_carea ocr_par ocr_line ocrx_word'/>
</head>
<body>
  <div class='ocr_page' id='page_1' title='image "./registrumepisco00innegoog_0161.png"; bbox 0 0 4612 5964; ppageno 0'>
   <div class='ocr_carea' id='block_1_1' title="bbox 462 699 1813 799">
    <p class='ocr_par' dir='ltr' id='par_1_1' title="bbox 462 699 1813 799">
     <span class='ocr_line' id='line_1_1' title="bbox 462 699 1813 799; baseline -0.003 -21"><span class='ocrx_word' id='word_1_1' title='bbox 462 715 531 780; x_wconf 84' lang='grc'>104</span> <span class='ocrx_word' id='word_1_2' title='bbox 982 699 1294 774; x_wconf 80' lang='lat' dir='ltr'><strong>REGISTRUM</strong></span> <span class='ocrx_word' id='word_1_3' title='bbox 1658 703 1813 799; x_wconf 75' lang='lat' dir='ltr'>[secum</span> 
     </span>
    </p>
   </div>
   <div class='ocr_carea' id='block_1_2' title="bbox 462 895 1812 1111">
    <p class='ocr_par' dir='ltr' id='par_1_2' title="bbox 462 895 1812 1111">
     <span class='ocr_line' id='line_1_2' title="bbox 462 895 1810 1002; baseline -0.005 -26"><span class='ocrx_word' id='word_1_4' title='bbox 462 905 548 977; x_wconf 86' lang='lat' dir='ltr'>liam</span> <span class='ocrx_word' id='word_1_5' title='bbox 566 905 612 978; x_wconf 92' lang='lat' dir='ltr'>ab</span> <span class='ocrx_word' id='word_1_6' title='bbox 630 901 785 1002; x_wconf 85' lang='lat' dir='ltr'>ingreilu</span> <span class='ocrx_word' id='word_1_7' title='bbox 810 900 1063 976; x_wconf 86' lang='lat' dir='ltr'>columbarum</span> <span class='ocrx_word' id='word_1_8' title='bbox 1089 895 1307 969; x_wconf 89' lang='lat' dir='ltr'>nodoiorum</span> <span class='ocrx_word' id='word_1_9' title='bbox 1332 919 1517 970; x_wconf 88' lang='lat' dir='ltr'>eoruorum</span> <span class='ocrx_word' id='word_1_10' title='bbox 1534 908 1574 970; x_wconf 90' lang='lat' dir='ltr'>et</span> <span class='ocrx_word' id='word_1_11' title='bbox 1590 899 1810 992; x_wconf 83' lang='lat' dir='ltr'>yrundiuum</span> 
     </span>
     <span class='ocr_line' id='line_1_3' title="bbox 462 1003 1812 1111; baseline -0.004 -23"><span class='ocrx_word' id='word_1_12' title='bbox 462 1027 537 1088; x_wconf 91' lang='lat' dir='ltr'>tam</span> <span class='ocrx_word' id='word_1_13' title='bbox 555 1019 593 1089; x_wconf 91' lang='lat' dir='ltr'>in</span> <span class='ocrx_word' id='word_1_14' title='bbox 610 1016 741 1111; x_wconf 85' lang='lat' dir='ltr'><strong>hyeme</strong></span> <span class='ocrx_word' id='word_1_15' title='bbox 766 1037 876 1110; x_wconf 90' lang='lat' dir='ltr'>quam</span> <span class='ocrx_word' id='word_1_16' title='bbox 897 1015 935 1085; x_wconf 93' lang='lat' dir='ltr'>in</span> <span class='ocrx_word' id='word_1_17' title='bbox 952 1008 1090 1084; x_wconf 86' lang='lat' dir='ltr'>estate·</span> <span class='ocrx_word' id='word_1_18' title='bbox 1110 1008 1208 1080; x_wconf 88' lang='lat' dir='ltr'>Item</span> <span class='ocrx_word' id='word_1_19' title='bbox 1234 1003 1389 1080; x_wconf 89' lang='lat' dir='ltr'>seruabit</span> <span class='ocrx_word' id='word_1_20' title='bbox 1403 1017 1442 1079; x_wconf 89' lang='lat' dir='ltr'>et</span> <span class='ocrx_word' id='word_1_21' title='bbox 1459 1009 1650 1081; x_wconf 90' lang='lat' dir='ltr'>mundabit</span> <span class='ocrx_word' id='word_1_22' title='bbox 1675 1007 1812 1082; x_wconf 88' lang='lat' dir='ltr'>stillici-</span> 
     </span>
    </p>
   </div>
   <div class='ocr_carea' id='block_1_3' title="bbox 446 1116 1811 4656">
    <p class='ocr_par' dir='ltr' id='par_1_3' title="bbox 446 1116 1811 4656">
     <span class='ocr_line' id='line_1_4' title="bbox 462 1116 1809 1222; baseline -0.004 -24"><span class='ocrx_word' id='word_1_23' title='bbox 462 1127 521 1200; x_wconf 89' lang='lat' dir='ltr'>dia</span> <span class='ocrx_word' id='word_1_24' title='bbox 545 1137 586 1200; x_wconf 91' lang='lat' dir='ltr'>et</span> <span class='ocrx_word' id='word_1_25' title='bbox 610 1128 833 1222; x_wconf 74' lang='lat' dir='ltr'>aqueduttas</span> <span class='ocrx_word' id='word_1_26' title='bbox 866 1121 964 1196; x_wconf 77' lang='lat' dir='ltr'>dicte</span> <span class='ocrx_word' id='word_1_27' title='bbox 989 1116 1140 1196; x_wconf 87' lang='lat' dir='ltr'>eaclesre</span> <span class='ocrx_word' id='word_1_28' title='bbox 1169 1117 1386 1194; x_wconf 86' lang='lat' dir='ltr'>cathedralis</span> <span class='ocrx_word' id='word_1_29' title='bbox 1416 1129 1491 1191; x_wconf 88' lang='lat' dir='ltr'>tam</span> <span class='ocrx_word' id='word_1_30' title='bbox 1526 1142 1592 1213; x_wconf 87' lang='lat' dir='ltr'>per</span> <span class='ocrx_word' id='word_1_31' title='bbox 1623 1117 1809 1194; x_wconf 72' lang='lat' dir='ltr'>eeclesiam</span> 
     </span>
     <span class='ocr_line' id='line_1_5' title="bbox 460 1230 1810 1332; baseline -0.005 -22"><span class='ocrx_word' id='word_1_32' title='bbox 460 1261 568 1332; x_wconf 90' lang='lat' dir='ltr'>quam</span> <span class='ocrx_word' id='word_1_33' title='bbox 594 1238 744 1310; x_wconf 88' lang='lat' dir='ltr'>chorum</span> <span class='ocrx_word' id='word_1_34' title='bbox 773 1252 813 1310; x_wconf 87' lang='lat' dir='ltr'>et</span> <span class='ocrx_word' id='word_1_35' title='bbox 838 1233 1021 1308; x_wconf 86' lang='lat' dir='ltr'>cancellos</span> <span class='ocrx_word' id='word_1_36' title='bbox 1046 1242 1159 1328; x_wconf 88' lang='lat' dir='ltr'>atque</span> <span class='ocrx_word' id='word_1_37' title='bbox 1183 1230 1383 1325; x_wconf 87' lang='lat' dir='ltr'>capitulum</span> <span class='ocrx_word' id='word_1_38' title='bbox 1407 1232 1686 1325; x_wconf 81' lang='lat' dir='ltr'>circumquaque</span> <span class='ocrx_word' id='word_1_39' title='bbox 1710 1233 1810 1303; x_wconf 90' lang='lat' dir='ltr'>omni</span> 
     </span>
     <span class='ocr_line' id='line_1_6' title="bbox 460 1341 1811 1443; baseline -0.004 -23"><span class='ocrx_word' id='word_1_40' title='bbox 460 1363 625 1443; x_wconf 88' lang='lat' dir='ltr'>tempore</span> <span class='ocrx_word' id='word_1_41' title='bbox 643 1371 727 1422; x_wconf 88' lang='lat' dir='ltr'>aum</span> <span class='ocrx_word' id='word_1_42' title='bbox 744 1370 836 1442; x_wconf 86' lang='lat' dir='ltr'>opus</span> <span class='ocrx_word' id='word_1_43' title='bbox 852 1347 963 1419; x_wconf 82' lang='lat' dir='ltr'>luerit</span> <span class='ocrx_word' id='word_1_44' title='bbox 980 1354 1019 1418; x_wconf 91' lang='lat' dir='ltr'>et</span> <span class='ocrx_word' id='word_1_45' title='bbox 1036 1341 1220 1440; x_wconf 78' lang='lat' dir='ltr'>signanter</span> <span class='ocrx_word' id='word_1_46' title='bbox 1232 1353 1394 1437; x_wconf 87' lang='lat' dir='ltr'>tempore</span> <span class='ocrx_word' id='word_1_47' title='bbox 1410 1343 1548 1436; x_wconf 77' lang='lat' dir='ltr'><strong>hyemis</strong></span> <span class='ocrx_word' id='word_1_48' title='bbox 1564 1353 1675 1434; x_wconf 90' lang='lat' dir='ltr'>atque</span> <span class='ocrx_word' id='word_1_49' title='bbox 1692 1351 1811 1414; x_wconf 86' lang='lat' dir='ltr'>turres</span> 
     </span>
     <span class='ocr_line' id='line_1_7' title="bbox 462 1449 1810 1549; baseline -0.008 -14"><span class='ocrx_word' id='word_1_50' title='bbox 462 1459 705 1535; x_wconf 77' lang='lat' dir='ltr'>occidentales</span> <span class='ocrx_word' id='word_1_51' title='bbox 721 1456 881 1531; x_wconf 86' lang='lat' dir='ltr'>eiusdem</span> <span class='ocrx_word' id='word_1_52' title='bbox 900 1453 1134 1549; x_wconf 88' lang='lat' dir='ltr'>destruetque</span> <span class='ocrx_word' id='word_1_53' title='bbox 1148 1455 1308 1546; x_wconf 76' lang='lat' dir='ltr'>audique</span> <span class='ocrx_word' id='word_1_54' title='bbox 1324 1454 1361 1525; x_wconf 91' lang='lat' dir='ltr'>ia</span> <span class='ocrx_word' id='word_1_55' title='bbox 1378 1452 1573 1548; x_wconf 86' lang='lat' dir='ltr'>parietibus</span> <span class='ocrx_word' id='word_1_56' title='bbox 1589 1463 1628 1524; x_wconf 89' lang='lat' dir='ltr'>et</span> <span class='ocrx_word' id='word_1_57' title='bbox 1645 1449 1810 1524; x_wconf 85' lang='lat' dir='ltr'>fenestris</span> 
     </span>
     <span class='ocr_line' id='line_1_8' title="bbox 460 1562 1808 1667; baseline -0.004 -25"><span class='ocrx_word' id='word_1_58' title='bbox 460 1574 625 1667; x_wconf 88' lang='lat' dir='ltr'>gramina</span> <span class='ocrx_word' id='word_1_59' title='bbox 657 1566 856 1644; x_wconf 86' lang='lat' dir='ltr'>crescentia</span> <span class='ocrx_word' id='word_1_60' title='bbox 881 1591 929 1640; x_wconf 94' lang='lat' dir='ltr'>ne</span> <span class='ocrx_word' id='word_1_61' title='bbox 954 1567 1054 1640; x_wconf 89' lang='lat' dir='ltr'>illius</span> <span class='ocrx_word' id='word_1_62' title='bbox 1082 1562 1268 1639; x_wconf 87' lang='lat' dir='ltr'>occafione</span> <span class='ocrx_word' id='word_1_63' title='bbox 1301 1587 1391 1658; x_wconf 86' lang='lat' dir='ltr'>aqua</span> <span class='ocrx_word' id='word_1_64' title='bbox 1413 1562 1583 1658; x_wconf 88' lang='lat' dir='ltr'>pluuialis</span> <span class='ocrx_word' id='word_1_65' title='bbox 1611 1566 1650 1634; x_wconf 91' lang='lat' dir='ltr'>in</span> <span class='ocrx_word' id='word_1_66' title='bbox 1675 1563 1808 1637; x_wconf 86' lang='lat' dir='ltr'>eisdem</span> 
     </span>
     <span class='ocr_line' id='line_1_9' title="bbox 462 1671 1809 1778; baseline -0.006 -24"><span class='ocrx_word' id='word_1_67' title='bbox 462 1683 713 1778; x_wconf 86' lang='lat' dir='ltr'>ingrediatur·</span> <span class='ocrx_word' id='word_1_68' title='bbox 732 1678 830 1752; x_wconf 84' lang='lat' dir='ltr'>Item</span> <span class='ocrx_word' id='word_1_69' title='bbox 857 1679 956 1749; x_wconf 91' lang='lat' dir='ltr'>omui</span> <span class='ocrx_word' id='word_1_70' title='bbox 984 1677 1043 1748; x_wconf 90' lang='lat' dir='ltr'>die</span> <span class='ocrx_word' id='word_1_71' title='bbox 1067 1699 1176 1748; x_wconf 90' lang='lat' dir='ltr'>mane</span> <span class='ocrx_word' id='word_1_72' title='bbox 1200 1699 1268 1770; x_wconf 87' lang='lat' dir='ltr'>per</span> <span class='ocrx_word' id='word_1_73' title='bbox 1290 1698 1420 1749; x_wconf 92' lang='lat' dir='ltr'>aunum</span> <span class='ocrx_word' id='word_1_74' title='bbox 1438 1674 1643 1771; x_wconf 88' lang='lat' dir='ltr'>prouidebit</span> <span class='ocrx_word' id='word_1_75' title='bbox 1659 1671 1809 1748; x_wconf 81' lang='lat' dir='ltr'>ecclelia</span> 
     </span>
     <span class='ocr_line' id='line_1_10' title="bbox 461 1784 1809 1885; baseline -0.004 -21"><span class='ocrx_word' id='word_1_76' title='bbox 461 1795 507 1865; x_wconf 89' lang='lat' dir='ltr'>de</span> <span class='ocrx_word' id='word_1_77' title='bbox 524 1816 619 1885; x_wconf 88' lang='lat' dir='ltr'>aqua</span> <span class='ocrx_word' id='word_1_78' title='bbox 642 1791 781 1864; x_wconf 76' lang='lat' dir='ltr'><strong>recenti</strong></span> <span class='ocrx_word' id='word_1_79' title='bbox 798 1812 882 1862; x_wconf 87' lang='lat' dir='ltr'>eum</span> <span class='ocrx_word' id='word_1_80' title='bbox 910 1809 1002 1881; x_wconf 90' lang='lat' dir='ltr'>opus</span> <span class='ocrx_word' id='word_1_81' title='bbox 1028 1787 1140 1858; x_wconf 82' lang='lat' dir='ltr'>suerit</span> <span class='ocrx_word' id='word_1_82' title='bbox 1164 1810 1231 1880; x_wconf 89' lang='lat' dir='ltr'>pro</span> <span class='ocrx_word' id='word_1_83' title='bbox 1256 1784 1356 1860; x_wconf 79' lang='lat' dir='ltr'>milla</span> <span class='ocrx_word' id='word_1_84' title='bbox 1377 1811 1469 1880; x_wconf 90' lang='lat' dir='ltr'>aqua</span> <span class='ocrx_word' id='word_1_85' title='bbox 1494 1787 1684 1860; x_wconf 77' lang='lat' dir='ltr'>benediita</span> <span class='ocrx_word' id='word_1_86' title='bbox 1708 1787 1809 1858; x_wconf 88' lang='lat' dir='ltr'>fonte</span> 
     </span>
     <span class='ocr_line' id='line_1_11' title="bbox 461 1893 1809 1997; baseline -0.005 -20"><span class='ocrx_word' id='word_1_87' title='bbox 461 1899 683 1997; x_wconf 87' lang='lat' dir='ltr'>baptistmali</span> <span class='ocrx_word' id='word_1_88' title='bbox 694 1909 733 1972; x_wconf 88' lang='lat' dir='ltr'>et</span> <span class='ocrx_word' id='word_1_89' title='bbox 743 1899 880 1971; x_wconf 92' lang='lat' dir='ltr'>lotione</span> <span class='ocrx_word' id='word_1_90' title='bbox 892 1920 1065 1968; x_wconf 87' lang='lat' dir='ltr'>manuum</span> <span class='ocrx_word' id='word_1_91' title='bbox 1077 1899 1115 1967; x_wconf 90' lang='lat' dir='ltr'>in</span> <span class='ocrx_word' id='word_1_92' title='bbox 1127 1893 1278 1970; x_wconf 84' lang='lat' dir='ltr'>ecclelia</span> <span class='ocrx_word' id='word_1_93' title='bbox 1288 1895 1562 1971; x_wconf 84' lang='lat' dir='ltr'>ministrantium</span> <span class='ocrx_word' id='word_1_94' title='bbox 1573 1907 1613 1970; x_wconf 90' lang='lat' dir='ltr'>et</span> <span class='ocrx_word' id='word_1_95' title='bbox 1623 1895 1809 1978; x_wconf 85' lang='lat' dir='ltr'>celebran-</span> 
     </span>
     <span class='ocr_line' id='line_1_12' title="bbox 460 2003 1809 2103; baseline -0.002 -18"><span class='ocrx_word' id='word_1_96' title='bbox 460 2018 553 2085; x_wconf 93' lang='lat' dir='ltr'>tium</span> <span class='ocrx_word' id='word_1_97' title='bbox 571 2032 730 2084; x_wconf 82' lang='lat' dir='ltr'>necnon</span> <span class='ocrx_word' id='word_1_98' title='bbox 749 2011 795 2081; x_wconf 89' lang='lat' dir='ltr'>de</span> <span class='ocrx_word' id='word_1_99' title='bbox 812 2009 898 2103; x_wconf 88' lang='lat' dir='ltr'>igue</span> <span class='ocrx_word' id='word_1_100' title='bbox 914 2031 980 2101; x_wconf 86' lang='lat' dir='ltr'>pro</span> <span class='ocrx_word' id='word_1_101' title='bbox 998 2003 1147 2078; x_wconf 86' lang='lat' dir='ltr'>incensu</span> <span class='ocrx_word' id='word_1_102' title='bbox 1164 2009 1393 2080; x_wconf 79' lang='lat' dir='ltr'>candelarum</span> <span class='ocrx_word' id='word_1_103' title='bbox 1410 2007 1437 2080; x_wconf 87' lang='lat' dir='ltr'>li</span> <span class='ocrx_word' id='word_1_104' title='bbox 1455 2009 1546 2082; x_wconf 89' lang='lat' dir='ltr'>libet</span> <span class='ocrx_word' id='word_1_105' title='bbox 1570 2020 1610 2083; x_wconf 91' lang='lat' dir='ltr'>et</span> <span class='ocrx_word' id='word_1_106' title='bbox 1627 2009 1809 2082; x_wconf 92' lang='lat' dir='ltr'>thuribilis</span> 
     </span>
     <span class='ocr_line' id='line_1_13' title="bbox 460 2115 1808 2216; baseline -0.001 -21"><span class='ocrx_word' id='word_1_107' title='bbox 460 2146 544 2196; x_wconf 89' lang='lat' dir='ltr'>curn</span> <span class='ocrx_word' id='word_1_108' title='bbox 562 2143 653 2216; x_wconf 90' lang='lat' dir='ltr'>opus</span> <span class='ocrx_word' id='word_1_109' title='bbox 672 2120 783 2192; x_wconf 84' lang='lat' dir='ltr'>luerit</span> <span class='ocrx_word' id='word_1_110' title='bbox 799 2120 921 2212; x_wconf 89' lang='lat' dir='ltr'>magni</span> <span class='ocrx_word' id='word_1_111' title='bbox 947 2115 1073 2188; x_wconf 90' lang='lat' dir='ltr'>altaris</span> <span class='ocrx_word' id='word_1_112' title='bbox 1091 2155 1100 2174; x_wconf 92' lang='lat'><strong>·</strong></span> <span class='ocrx_word' id='word_1_113' title='bbox 1121 2117 1218 2189; x_wconf 89' lang='lat' dir='ltr'>Item</span> <span class='ocrx_word' id='word_1_114' title='bbox 1244 2115 1397 2190; x_wconf 89' lang='lat' dir='ltr'>seruabit</span> <span class='ocrx_word' id='word_1_115' title='bbox 1414 2119 1617 2214; x_wconf 82' lang='lat' dir='ltr'>lampadem</span> <span class='ocrx_word' id='word_1_116' title='bbox 1634 2124 1808 2194; x_wconf 82' lang='lat' dir='ltr'>continue</span> 
     </span>
     <span class='ocr_line' id='line_1_14' title="bbox 460 2227 1807 2322; baseline 0 -19"><span class='ocrx_word' id='word_1_117' title='bbox 460 2249 535 2305; x_wconf 89' lang='lat' dir='ltr'>tam</span> <span class='ocrx_word' id='word_1_118' title='bbox 554 2233 600 2304; x_wconf 89' lang='lat' dir='ltr'>de</span> <span class='ocrx_word' id='word_1_119' title='bbox 617 2231 678 2302; x_wconf 87' lang='lat' dir='ltr'>die</span> <span class='ocrx_word' id='word_1_120' title='bbox 694 2252 803 2322; x_wconf 94' lang='lat' dir='ltr'>quam</span> <span class='ocrx_word' id='word_1_121' title='bbox 821 2229 867 2300; x_wconf 89' lang='lat' dir='ltr'>de</span> <span class='ocrx_word' id='word_1_122' title='bbox 885 2229 991 2298; x_wconf 75' lang='lat' dir='ltr'>noea</span> <span class='ocrx_word' id='word_1_123' title='bbox 1008 2237 1095 2298; x_wconf 88' lang='lat' dir='ltr'>ante</span> <span class='ocrx_word' id='word_1_124' title='bbox 1114 2227 1321 2300; x_wconf 77' lang='lat' dir='ltr'>venerabile</span> <span class='ocrx_word' id='word_1_125' title='bbox 1344 2228 1600 2303; x_wconf 83' lang='lat' dir='ltr'>sacramentum</span> <span class='ocrx_word' id='word_1_126' title='bbox 1618 2233 1807 2305; x_wconf 80' lang='lat' dir='ltr'>ardentem</span> 
     </span>
     <span class='ocr_line' id='line_1_15' title="bbox 460 2337 1808 2431; baseline -0.001 -15"><span class='ocrx_word' id='word_1_127' title='bbox 460 2355 499 2416; x_wconf 92' lang='lat' dir='ltr'>et</span> <span class='ocrx_word' id='word_1_128' title='bbox 523 2343 708 2414; x_wconf 90' lang='lat' dir='ltr'>lucentem</span> <span class='ocrx_word' id='word_1_129' title='bbox 735 2339 815 2412; x_wconf 88' lang='lat' dir='ltr'>olea</span> <span class='ocrx_word' id='word_1_130' title='bbox 843 2350 881 2411; x_wconf 90' lang='lat' dir='ltr'>et</span> <span class='ocrx_word' id='word_1_131' title='bbox 910 2337 994 2410; x_wconf 86' lang='lat' dir='ltr'>licia</span> <span class='ocrx_word' id='word_1_132' title='bbox 1020 2337 1170 2431; x_wconf 90' lang='lat' dir='ltr'>capituli</span> <span class='ocrx_word' id='word_1_133' title='bbox 1197 2389 1208 2410; x_wconf 90' lang='grc'><strong>.</strong></span> <span class='ocrx_word' id='word_1_134' title='bbox 1237 2337 1335 2410; x_wconf 87' lang='lat' dir='ltr'>Item</span> <span class='ocrx_word' id='word_1_135' title='bbox 1360 2339 1548 2412; x_wconf 90' lang='lat' dir='ltr'>luminabit</span> <span class='ocrx_word' id='word_1_136' title='bbox 1573 2342 1742 2414; x_wconf 86' lang='lat' dir='ltr'>candelas</span> <span class='ocrx_word' id='word_1_137' title='bbox 1766 2356 1808 2414; x_wconf 81' lang='lat' dir='ltr'>vt</span> 
     </span>
     <span class='ocr_line' id='line_1_16' title="bbox 459 2449 1805 2548; baseline -0.003 -21"><span class='ocrx_word' id='word_1_138' title='bbox 459 2457 566 2527; x_wconf 87' lang='lat' dir='ltr'>decet</span> <span class='ocrx_word' id='word_1_139' title='bbox 582 2451 690 2548; x_wconf 86' lang='lat' dir='ltr'>super</span> <span class='ocrx_word' id='word_1_140' title='bbox 705 2462 744 2524; x_wconf 89' lang='lat' dir='ltr'>et</span> <span class='ocrx_word' id='word_1_141' title='bbox 761 2461 848 2524; x_wconf 87' lang='lat' dir='ltr'>ante</span> <span class='ocrx_word' id='word_1_142' title='bbox 865 2472 1038 2544; x_wconf 87' lang='lat' dir='ltr'>magnum</span> <span class='ocrx_word' id='word_1_143' title='bbox 1065 2449 1180 2521; x_wconf 88' lang='lat' dir='ltr'>altare</span> <span class='ocrx_word' id='word_1_144' title='bbox 1202 2459 1242 2521; x_wconf 89' lang='lat' dir='ltr'>et</span> <span class='ocrx_word' id='word_1_145' title='bbox 1267 2473 1385 2522; x_wconf 89' lang='lat' dir='ltr'>eoram</span> <span class='ocrx_word' id='word_1_146' title='bbox 1400 2452 1629 2546; x_wconf 77' lang='lat' dir='ltr'>ymaginibus</span> <span class='ocrx_word' id='word_1_147' title='bbox 1646 2449 1805 2526; x_wconf 87' lang='lat' dir='ltr'>eiusdem</span> 
     </span>
     <span class='ocr_line' id='line_1_17' title="bbox 459 2559 1808 2659; baseline 0 -23"><span class='ocrx_word' id='word_1_148' title='bbox 459 2578 499 2637; x_wconf 89' lang='lat' dir='ltr'>et</span> <span class='ocrx_word' id='word_1_149' title='bbox 514 2565 554 2637; x_wconf 89' lang='lat' dir='ltr'>in</span> <span class='ocrx_word' id='word_1_150' title='bbox 572 2563 740 2659; x_wconf 85' lang='lat' dir='ltr'>pendulis</span> <span class='ocrx_word' id='word_1_151' title='bbox 757 2559 983 2636; x_wconf 85' lang='lat' dir='ltr'>candelabris</span> <span class='ocrx_word' id='word_1_152' title='bbox 1007 2559 1108 2632; x_wconf 88' lang='lat' dir='ltr'>chori</span> <span class='ocrx_word' id='word_1_153' title='bbox 1126 2583 1194 2632; x_wconf 88' lang='lat' dir='ltr'>nec</span> <span class='ocrx_word' id='word_1_154' title='bbox 1212 2583 1287 2632; x_wconf 90' lang='lat' dir='ltr'>non</span> <span class='ocrx_word' id='word_1_155' title='bbox 1313 2560 1491 2656; x_wconf 88' lang='lat' dir='ltr'>lampades</span> <span class='ocrx_word' id='word_1_156' title='bbox 1508 2585 1617 2634; x_wconf 86' lang='lat' dir='ltr'>eneas</span> <span class='ocrx_word' id='word_1_157' title='bbox 1633 2585 1699 2656; x_wconf 89' lang='lat' dir='ltr'>per</span> <span class='ocrx_word' id='word_1_158' title='bbox 1714 2575 1808 2636; x_wconf 87' lang='lat' dir='ltr'>tem·</span> 
     </span>
     <span class='ocr_line' id='line_1_18' title="bbox 459 2669 1808 2771; baseline -0.001 -23"><span class='ocrx_word' id='word_1_159' title='bbox 459 2699 527 2771; x_wconf 92' lang='lat' dir='ltr'>pus</span> <span class='ocrx_word' id='word_1_160' title='bbox 551 2675 667 2770; x_wconf 75' lang='lat' dir='ltr'>yemis</span> <span class='ocrx_word' id='word_1_161' title='bbox 692 2674 739 2746; x_wconf 85' lang='lat' dir='ltr'>ad</span> <span class='ocrx_word' id='word_1_162' title='bbox 765 2673 965 2746; x_wconf 85' lang='lat' dir='ltr'>matutinas</span> <span class='ocrx_word' id='word_1_163' title='bbox 991 2681 1030 2742; x_wconf 92' lang='lat' dir='ltr'>et</span> <span class='ocrx_word' id='word_1_164' title='bbox 1048 2669 1213 2765; x_wconf 65' lang='lat' dir='ltr'>resperas</span> <span class='ocrx_word' id='word_1_165' title='bbox 1239 2673 1277 2743; x_wconf 93' lang='lat' dir='ltr'>in</span> <span class='ocrx_word' id='word_1_166' title='bbox 1303 2670 1446 2746; x_wconf 82' lang='lat' dir='ltr'>caclelra</span> <span class='ocrx_word' id='word_1_167' title='bbox 1470 2685 1509 2746; x_wconf 91' lang='lat' dir='ltr'>et</span> <span class='ocrx_word' id='word_1_168' title='bbox 1535 2674 1696 2746; x_wconf 86' lang='lat' dir='ltr'>cancella</span> <span class='ocrx_word' id='word_1_169' title='bbox 1719 2699 1808 2769; x_wconf 86' lang='lat' dir='ltr'>pen·</span> 
     </span>
     <span class='ocr_line' id='line_1_19' title="bbox 459 2782 1807 2880; baseline -0.001 -20"><span class='ocrx_word' id='word_1_170' title='bbox 459 2790 590 2860; x_wconf 86' lang='lat' dir='ltr'>dentes</span> <span class='ocrx_word' id='word_1_171' title='bbox 616 2787 721 2857; x_wconf 87' lang='lat' dir='ltr'>iuxta</span> <span class='ocrx_word' id='word_1_172' title='bbox 742 2792 781 2857; x_wconf 91' lang='lat' dir='ltr'>et</span> <span class='ocrx_word' id='word_1_173' title='bbox 806 2782 1003 2856; x_wconf 88' lang='lat' dir='ltr'>seeundum</span> <span class='ocrx_word' id='word_1_174' title='bbox 1029 2782 1247 2875; x_wconf 83' lang='lat' dir='ltr'>qualitatem</span> <span class='ocrx_word' id='word_1_175' title='bbox 1271 2786 1440 2878; x_wconf 85' lang='lat' dir='ltr'>temporis</span> <span class='ocrx_word' id='word_1_176' title='bbox 1464 2823 1474 2844; x_wconf 90' lang='lat'><strong>·</strong></span> <span class='ocrx_word' id='word_1_177' title='bbox 1501 2784 1598 2858; x_wconf 88' lang='lat' dir='ltr'>Item</span> <span class='ocrx_word' id='word_1_178' title='bbox 1624 2787 1807 2880; x_wconf 83' lang='lat' dir='ltr'>reparabit</span> 
     </span>
     <span class='ocr_line' id='line_1_20' title="bbox 458 2892 1803 2987; baseline -0.001 -17"><span class='ocrx_word' id='word_1_179' title='bbox 458 2899 607 2970; x_wconf 91' lang='lat' dir='ltr'>eborum</span> <span class='ocrx_word' id='word_1_180' title='bbox 638 2905 678 2968; x_wconf 87' lang='lat' dir='ltr'>et</span> <span class='ocrx_word' id='word_1_181' title='bbox 699 2893 880 2966; x_wconf 87' lang='lat' dir='ltr'>summum</span> <span class='ocrx_word' id='word_1_182' title='bbox 909 2892 1024 2964; x_wconf 89' lang='lat' dir='ltr'>altare</span> <span class='ocrx_word' id='word_1_183' title='bbox 1049 2916 1133 2964; x_wconf 88' lang='lat' dir='ltr'>eum</span> <span class='ocrx_word' id='word_1_184' title='bbox 1161 2894 1330 2987; x_wconf 86' lang='lat' dir='ltr'>pannulis</span> <span class='ocrx_word' id='word_1_185' title='bbox 1355 2893 1659 2970; x_wconf 87' lang='lat' dir='ltr'>attrabaccolibus</span> <span class='ocrx_word' id='word_1_186' title='bbox 1684 2895 1803 2970; x_wconf 88' lang='lat' dir='ltr'>sedem</span> 
     </span>
     <span class='ocr_line' id='line_1_21' title="bbox 456 3004 1805 3103; baseline 0 -21"><span class='ocrx_word' id='word_1_187' title='bbox 456 3006 696 3103; x_wconf 86' lang='lat' dir='ltr'>episcopalem</span> <span class='ocrx_word' id='word_1_188' title='bbox 723 3013 798 3077; x_wconf 89' lang='lat' dir='ltr'>tam</span> <span class='ocrx_word' id='word_1_189' title='bbox 818 3007 853 3075; x_wconf 95' lang='lat' dir='ltr'>in</span> <span class='ocrx_word' id='word_1_190' title='bbox 872 3005 982 3076; x_wconf 87' lang='lat' dir='ltr'>ebora</span> <span class='ocrx_word' id='word_1_191' title='bbox 1007 3027 1117 3096; x_wconf 92' lang='lat' dir='ltr'>quam</span> <span class='ocrx_word' id='word_1_192' title='bbox 1144 3007 1181 3078; x_wconf 94' lang='lat' dir='ltr'>in</span> <span class='ocrx_word' id='word_1_193' title='bbox 1200 3005 1360 3099; x_wconf 88' lang='lat' dir='ltr'>capitulo</span> <span class='ocrx_word' id='word_1_194' title='bbox 1376 3007 1410 3078; x_wconf 91' lang='lat' dir='ltr'>in</span> <span class='ocrx_word' id='word_1_195' title='bbox 1429 3007 1526 3100; x_wconf 87' lang='lat' dir='ltr'>ferijs</span> <span class='ocrx_word' id='word_1_196' title='bbox 1552 3004 1651 3080; x_wconf 83' lang='lat' dir='ltr'>sestis</span> <span class='ocrx_word' id='word_1_197' title='bbox 1668 3019 1707 3081; x_wconf 90' lang='lat' dir='ltr'>et</span> <span class='ocrx_word' id='word_1_198' title='bbox 1724 3008 1805 3082; x_wconf 87' lang='lat' dir='ltr'>aliis</span> 
     </span>
     <span class='ocr_line' id='line_1_22' title="bbox 455 3113 1802 3211; baseline -0.001 -19"><span class='ocrx_word' id='word_1_199' title='bbox 455 3116 748 3193; x_wconf 80' lang='lat' dir='ltr'>solemnitatibus</span> <span class='ocrx_word' id='word_1_200' title='bbox 764 3117 809 3186; x_wconf 91' lang='lat' dir='ltr'>ad</span> <span class='ocrx_word' id='word_1_201' title='bbox 829 3116 897 3186; x_wconf 87' lang='lat' dir='ltr'>boa</span> <span class='ocrx_word' id='word_1_202' title='bbox 915 3116 1201 3208; x_wconf 81' lang='lat' dir='ltr'>congruentibus</span> <span class='ocrx_word' id='word_1_203' title='bbox 1219 3125 1258 3186; x_wconf 89' lang='lat' dir='ltr'>et</span> <span class='ocrx_word' id='word_1_204' title='bbox 1275 3113 1413 3188; x_wconf 87' lang='lat' dir='ltr'>eosdem</span> <span class='ocrx_word' id='word_1_205' title='bbox 1437 3117 1614 3211; x_wconf 88' lang='lat' dir='ltr'>pannulos</span> <span class='ocrx_word' id='word_1_206' title='bbox 1640 3117 1739 3192; x_wconf 82' lang='lat' dir='ltr'>lestis</span> <span class='ocrx_word' id='word_1_207' title='bbox 1764 3132 1802 3192; x_wconf 90' lang='lat' dir='ltr'>et</span> 
     </span>
     <span class='ocr_line' id='line_1_23' title="bbox 455 3223 1803 3324; baseline -0.001 -21"><span class='ocrx_word' id='word_1_208' title='bbox 455 3228 748 3304; x_wconf 88' lang='lat' dir='ltr'>solemnitatibus</span> <span class='ocrx_word' id='word_1_209' title='bbox 777 3229 931 3322; x_wconf 80' lang='lat' dir='ltr'>perattis</span> <span class='ocrx_word' id='word_1_210' title='bbox 966 3227 1002 3297; x_wconf 91' lang='lat' dir='ltr'>in</span> <span class='ocrx_word' id='word_1_211' title='bbox 1039 3223 1173 3298; x_wconf 87' lang='lat' dir='ltr'>eisdem</span> <span class='ocrx_word' id='word_1_212' title='bbox 1203 3227 1336 3318; x_wconf 90' lang='lat' dir='ltr'>quibus</span> <span class='ocrx_word' id='word_1_213' title='bbox 1364 3229 1505 3300; x_wconf 81' lang='lat' dir='ltr'>sacrant</span> <span class='ocrx_word' id='word_1_214' title='bbox 1535 3229 1622 3302; x_wconf 90' lang='lat' dir='ltr'>locis</span> <span class='ocrx_word' id='word_1_215' title='bbox 1650 3243 1803 3324; x_wconf 75' lang='lat' dir='ltr'>reponat</span> 
     </span>
     <span class='ocr_line' id='line_1_24' title="bbox 455 3337 1801 3431; baseline -0.003 -15"><span class='ocrx_word' id='word_1_216' title='bbox 455 3345 550 3416; x_wconf 91' lang='lat' dir='ltr'>bene</span> <span class='ocrx_word' id='word_1_217' title='bbox 566 3339 763 3412; x_wconf 84' lang='lat' dir='ltr'>mundatas</span> <span class='ocrx_word' id='word_1_218' title='bbox 780 3349 819 3411; x_wconf 91' lang='lat' dir='ltr'>et</span> <span class='ocrx_word' id='word_1_219' title='bbox 838 3338 990 3430; x_wconf 86' lang='lat' dir='ltr'>plicatos</span> <span class='ocrx_word' id='word_1_220' title='bbox 1008 3359 1076 3408; x_wconf 87' lang='lat' dir='ltr'>nea</span> <span class='ocrx_word' id='word_1_221' title='bbox 1102 3359 1174 3407; x_wconf 92' lang='lat' dir='ltr'>non</span> <span class='ocrx_word' id='word_1_222' title='bbox 1193 3359 1327 3431; x_wconf 87' lang='lat' dir='ltr'>cappas</span> <span class='ocrx_word' id='word_1_223' title='bbox 1343 3339 1464 3412; x_wconf 86' lang='lat' dir='ltr'>atalia</span> <span class='ocrx_word' id='word_1_224' title='bbox 1482 3337 1696 3414; x_wconf 75' lang='lat' dir='ltr'>vestimenta</span> <span class='ocrx_word' id='word_1_225' title='bbox 1713 3338 1801 3414; x_wconf 68' lang='lat' dir='ltr'>‹litli</span> 
     </span>
     <span class='ocr_line' id='line_1_25' title="bbox 454 3446 1801 3546; baseline -0.001 -20"><span class='ocrx_word' id='word_1_226' title='bbox 454 3454 554 3526; x_wconf 89' lang='lat' dir='ltr'>ebori</span> <span class='ocrx_word' id='word_1_227' title='bbox 569 3490 579 3509; x_wconf 88' lang='lat'><strong>·</strong></span> <span class='ocrx_word' id='word_1_228' title='bbox 593 3474 662 3523; x_wconf 87' lang='lat' dir='ltr'>nec</span> <span class='ocrx_word' id='word_1_229' title='bbox 681 3473 753 3520; x_wconf 92' lang='lat' dir='ltr'>nan</span> <span class='ocrx_word' id='word_1_230' title='bbox 772 3448 901 3521; x_wconf 87' lang='lat' dir='ltr'>diebus</span> <span class='ocrx_word' id='word_1_231' title='bbox 915 3446 1136 3518; x_wconf 88' lang='lat' dir='ltr'>lblcmnibus</span> <span class='ocrx_word' id='word_1_232' title='bbox 1154 3449 1385 3522; x_wconf 86' lang='lat' dir='ltr'>tabernacula</span> <span class='ocrx_word' id='word_1_233' title='bbox 1399 3448 1655 3525; x_wconf 77' lang='lat' dir='ltr'>dieteecclefic</span> <span class='ocrx_word' id='word_1_234' title='bbox 1669 3452 1801 3546; x_wconf 75' lang='lat' dir='ltr'>ubique</span> 
     </span>
     <span class='ocr_line' id='line_1_26' title="bbox 453 3558 1801 3658; baseline 0 -22"><span class='ocrx_word' id='word_1_235' title='bbox 453 3565 594 3657; x_wconf 89' lang='lat' dir='ltr'>aperire</span> <span class='ocrx_word' id='word_1_236' title='bbox 621 3561 680 3634; x_wconf 78' lang='lat' dir='ltr'>vbi</span> <span class='ocrx_word' id='word_1_237' title='bbox 708 3583 799 3654; x_wconf 89' lang='lat' dir='ltr'>opus</span> <span class='ocrx_word' id='word_1_238' title='bbox 823 3561 933 3630; x_wconf 83' lang='lat' dir='ltr'>suerit</span> <span class='ocrx_word' id='word_1_239' title='bbox 959 3558 1130 3632; x_wconf 84' lang='lat' dir='ltr'>claudere</span> <span class='ocrx_word' id='word_1_240' title='bbox 1155 3569 1194 3632; x_wconf 89' lang='lat' dir='ltr'>et</span> <span class='ocrx_word' id='word_1_241' title='bbox 1222 3561 1360 3652; x_wconf 85' lang='lat' dir='ltr'>aperire</span> <span class='ocrx_word' id='word_1_242' title='bbox 1383 3563 1512 3634; x_wconf 90' lang='lat' dir='ltr'>tamin</span> <span class='ocrx_word' id='word_1_243' title='bbox 1531 3559 1801 3658; x_wconf 73' lang='lat' dir='ltr'>quadragesima</span> 
     </span>
     <span class='ocr_line' id='line_1_27' title="bbox 454 3665 1800 3768; baseline -0.001 -22"><span class='ocrx_word' id='word_1_244' title='bbox 454 3697 562 3768; x_wconf 90' lang='lat' dir='ltr'>quam</span> <span class='ocrx_word' id='word_1_245' title='bbox 586 3682 724 3745; x_wconf 89' lang='lat' dir='ltr'>extra·</span> <span class='ocrx_word' id='word_1_246' title='bbox 749 3669 845 3742; x_wconf 91' lang='lat' dir='ltr'>ltcm</span> <span class='ocrx_word' id='word_1_247' title='bbox 865 3665 1013 3764; x_wconf 73' lang='lat' dir='ltr'>singulis</span> <span class='ocrx_word' id='word_1_248' title='bbox 1031 3670 1160 3742; x_wconf 77' lang='lat' dir='ltr'>(liebus</span> <span class='ocrx_word' id='word_1_249' title='bbox 1184 3670 1369 3744; x_wconf 79' lang='lat' dir='ltr'>ferialibus</span> <span class='ocrx_word' id='word_1_250' title='bbox 1382 3673 1570 3746; x_wconf 88' lang='lat' dir='ltr'>dominicis</span> <span class='ocrx_word' id='word_1_251' title='bbox 1595 3685 1635 3747; x_wconf 89' lang='lat' dir='ltr'>at</span> <span class='ocrx_word' id='word_1_252' title='bbox 1660 3670 1800 3748; x_wconf 81' lang='lat' dir='ltr'>lestiuis</span> 
     </span>
     <span class='ocr_line' id='line_1_28' title="bbox 453 3780 1797 3880; baseline 0 -22"><span class='ocrx_word' id='word_1_253' title='bbox 453 3782 708 3880; x_wconf 86' lang='lat' dir='ltr'>superpellicia</span> <span class='ocrx_word' id='word_1_254' title='bbox 725 3781 877 3854; x_wconf 91' lang='lat' dir='ltr'>indutus</span> <span class='ocrx_word' id='word_1_255' title='bbox 893 3781 1089 3876; x_wconf 87' lang='lat' dir='ltr'>precedere</span> <span class='ocrx_word' id='word_1_256' title='bbox 1106 3782 1217 3854; x_wconf 91' lang='lat' dir='ltr'>debet</span> <span class='ocrx_word' id='word_1_257' title='bbox 1234 3780 1382 3855; x_wconf 84' lang='lat' dir='ltr'>eborum</span> <span class='ocrx_word' id='word_1_258' title='bbox 1398 3784 1434 3856; x_wconf 93' lang='lat' dir='ltr'>iu</span> <span class='ocrx_word' id='word_1_259' title='bbox 1452 3782 1671 3878; x_wconf 87' lang='lat' dir='ltr'>pracelllane</span> <span class='ocrx_word' id='word_1_260' title='bbox 1687 3807 1797 3878; x_wconf 89' lang='lat' dir='ltr'>quam</span> 
     </span>
     <span class='ocr_line' id='line_1_29' title="bbox 452 3891 1797 3990; baseline -0.001 -21"><span class='ocrx_word' id='word_1_261' title='bbox 452 3894 587 3969; x_wconf 82' lang='lat' dir='ltr'>sttuare</span> <span class='ocrx_word' id='word_1_262' title='bbox 612 3893 740 3966; x_wconf 90' lang='lat' dir='ltr'>debita</span> <span class='ocrx_word' id='word_1_263' title='bbox 757 3893 883 3964; x_wconf 89' lang='lat' dir='ltr'>ordine</span> <span class='ocrx_word' id='word_1_264' title='bbox 903 3892 1042 3966; x_wconf 87' lang='lat' dir='ltr'>babet·</span> <span class='ocrx_word' id='word_1_265' title='bbox 1062 3894 1199 3988; x_wconf 77' lang='lat' dir='ltr'>virgam</span> <span class='ocrx_word' id='word_1_266' title='bbox 1217 3915 1330 3967; x_wconf 89' lang='lat' dir='ltr'>mauu</span> <span class='ocrx_word' id='word_1_267' title='bbox 1345 3891 1477 3990; x_wconf 85' lang='lat' dir='ltr'>gestam</span> <span class='ocrx_word' id='word_1_268' title='bbox 1497 3893 1607 3971; x_wconf 85' lang='lat' dir='ltr'>instar</span> <span class='ocrx_word' id='word_1_269' title='bbox 1623 3897 1797 3970; x_wconf 90' lang='lat' dir='ltr'>librorum</span> 
     </span>
     <span class='ocr_line' id='line_1_30' title="bbox 450 4002 1797 4102; baseline 0.002 -26"><span class='ocrx_word' id='word_1_270' title='bbox 450 4007 713 4079; x_wconf 86' lang='lat' dir='ltr'>ordinariorum</span> <span class='ocrx_word' id='word_1_271' title='bbox 722 4003 911 4099; x_wconf 86' lang='lat' dir='ltr'>dirigendo</span> <span class='ocrx_word' id='word_1_272' title='bbox 922 4002 1181 4098; x_wconf 88' lang='lat' dir='ltr'>pcrccclcllam</span> <span class='ocrx_word' id='word_1_273' title='bbox 1193 4015 1258 4077; x_wconf 93' lang='lat' dir='ltr'>aut</span> <span class='ocrx_word' id='word_1_274' title='bbox 1268 4007 1482 4078; x_wconf 86' lang='lat' dir='ltr'>cimiterium</span> <span class='ocrx_word' id='word_1_275' title='bbox 1494 4007 1554 4080; x_wconf 76' lang='lat' dir='ltr'>vbi</span> <span class='ocrx_word' id='word_1_276' title='bbox 1564 4031 1656 4102; x_wconf 87' lang='lat' dir='ltr'>opus</span> <span class='ocrx_word' id='word_1_277' title='bbox 1665 4009 1797 4081; x_wconf 80' lang='lat' dir='ltr'>luerit·</span> 
     </span>
     <span class='ocr_line' id='line_1_31' title="bbox 449 4112 1797 4212; baseline 0.001 -22"><span class='ocrx_word' id='word_1_278' title='bbox 449 4117 630 4212; x_wconf 88' lang='lat' dir='ltr'>Tempore</span> <span class='ocrx_word' id='word_1_279' title='bbox 657 4137 745 4188; x_wconf 76' lang='lat' dir='ltr'>raro</span> <span class='ocrx_word' id='word_1_280' title='bbox 769 4117 999 4210; x_wconf 87' lang='lat' dir='ltr'>rogationum</span> <span class='ocrx_word' id='word_1_281' title='bbox 1027 4116 1235 4209; x_wconf 88' lang='lat' dir='ltr'>prouidebit</span> <span class='ocrx_word' id='word_1_282' title='bbox 1262 4112 1327 4190; x_wconf 82' lang='lat' dir='ltr'>libi</span> <span class='ocrx_word' id='word_1_283' title='bbox 1352 4139 1412 4211; x_wconf 86' lang='lat' dir='ltr'>pro</span> <span class='ocrx_word' id='word_1_284' title='bbox 1435 4127 1619 4212; x_wconf 87' lang='lat' dir='ltr'>portatore</span> <span class='ocrx_word' id='word_1_285' title='bbox 1636 4121 1797 4192; x_wconf 89' lang='lat' dir='ltr'>diaconis</span> 
     </span>
     <span class='ocr_line' id='line_1_32' title="bbox 449 4223 1796 4326; baseline 0.002 -25"><span class='ocrx_word' id='word_1_286' title='bbox 449 4253 514 4324; x_wconf 92' lang='lat' dir='ltr'>per</span> <span class='ocrx_word' id='word_1_287' title='bbox 531 4229 609 4300; x_wconf 89' lang='lat' dir='ltr'>dies</span> <span class='ocrx_word' id='word_1_288' title='bbox 623 4223 885 4322; x_wconf 86' lang='lat' dir='ltr'>precelliouum</span> <span class='ocrx_word' id='word_1_289' title='bbox 903 4223 1064 4300; x_wconf 83' lang='lat' dir='ltr'>ciusdem</span> <span class='ocrx_word' id='word_1_290' title='bbox 1080 4249 1150 4300; x_wconf 79' lang='lat' dir='ltr'>rna</span> <span class='ocrx_word' id='word_1_291' title='bbox 1166 4250 1251 4299; x_wconf 89' lang='lat' dir='ltr'>cum</span> <span class='ocrx_word' id='word_1_292' title='bbox 1271 4227 1410 4302; x_wconf 79' lang='lat' dir='ltr'>vexillis</span> <span class='ocrx_word' id='word_1_293' title='bbox 1426 4251 1493 4302; x_wconf 91' lang='lat' dir='ltr'>uec</span> <span class='ocrx_word' id='word_1_294' title='bbox 1511 4253 1583 4304; x_wconf 91' lang='lat' dir='ltr'>nan</span> <span class='ocrx_word' id='word_1_295' title='bbox 1597 4231 1644 4306; x_wconf 90' lang='lat' dir='ltr'>de</span> <span class='ocrx_word' id='word_1_296' title='bbox 1661 4253 1796 4326; x_wconf 91' lang='lat' dir='ltr'>appeu-</span> 
     </span>
     <span class='ocr_line' id='line_1_33' title="bbox 449 4331 1795 4435; baseline 0.005 -25"><span class='ocrx_word' id='word_1_297' title='bbox 449 4337 547 4410; x_wconf 83' lang='lat' dir='ltr'>srone</span> <span class='ocrx_word' id='word_1_298' title='bbox 565 4337 756 4411; x_wconf 79' lang='lat' dir='ltr'>velaminis</span> <span class='ocrx_word' id='word_1_299' title='bbox 773 4331 861 4432; x_wconf 86' lang='lat' dir='ltr'>ligni</span> <span class='ocrx_word' id='word_1_300' title='bbox 880 4335 1191 4432; x_wconf 76' lang='lat' dir='ltr'>indulgentiarum</span> <span class='ocrx_word' id='word_1_301' title='bbox 1213 4361 1297 4412; x_wconf 88' lang='lat' dir='ltr'>auur</span> <span class='ocrx_word' id='word_1_302' title='bbox 1315 4362 1401 4435; x_wconf 85' lang='lat' dir='ltr'>opus</span> <span class='ocrx_word' id='word_1_303' title='bbox 1425 4342 1537 4414; x_wconf 84' lang='lat' dir='ltr'>luerit</span> <span class='ocrx_word' id='word_1_304' title='bbox 1552 4379 1563 4398; x_wconf 92' lang='lat'><strong>·</strong></span> <span class='ocrx_word' id='word_1_305' title='bbox 1579 4343 1795 4417; x_wconf 83' lang='lat' dir='ltr'>candelabra</span> 
     </span>
     <span class='ocr_line' id='line_1_34' title="bbox 446 4445 1792 4545; baseline 0.004 -22"><span class='ocrx_word' id='word_1_306' title='bbox 446 4461 570 4524; x_wconf 89' lang='lat' dir='ltr'>autera</span> <span class='ocrx_word' id='word_1_307' title='bbox 588 4473 680 4523; x_wconf 89' lang='lat' dir='ltr'>enea</span> <span class='ocrx_word' id='word_1_308' title='bbox 699 4461 775 4522; x_wconf 91' lang='lat' dir='ltr'>tam</span> <span class='ocrx_word' id='word_1_309' title='bbox 800 4445 908 4542; x_wconf 87' lang='lat' dir='ltr'>super</span> <span class='ocrx_word' id='word_1_310' title='bbox 924 4469 1057 4545; x_wconf 86' lang='lat' dir='ltr'>magno</span> <span class='ocrx_word' id='word_1_311' title='bbox 1073 4449 1180 4524; x_wconf 86' lang='lat' dir='ltr'>altari</span> <span class='ocrx_word' id='word_1_312' title='bbox 1199 4473 1309 4545; x_wconf 85' lang='lat' dir='ltr'>quam</span> <span class='ocrx_word' id='word_1_313' title='bbox 1326 4461 1408 4526; x_wconf 87' lang='lat' dir='ltr'>aute</span> <span class='ocrx_word' id='word_1_314' title='bbox 1433 4453 1470 4526; x_wconf 93' lang='lat' dir='ltr'>in</span> <span class='ocrx_word' id='word_1_315' title='bbox 1496 4453 1607 4527; x_wconf 88' lang='lat' dir='ltr'>ebora</span> <span class='ocrx_word' id='word_1_316' title='bbox 1632 4454 1792 4528; x_wconf 88' lang='lat' dir='ltr'>eiusdem</span> 
     </span>
     <span class='ocr_line' id='line_1_35' title="bbox 446 4555 1791 4656; baseline 0.004 -22"><span class='ocrx_word' id='word_1_317' title='bbox 446 4585 555 4656; x_wconf 90' lang='lat' dir='ltr'>quarn</span> <span class='ocrx_word' id='word_1_318' title='bbox 585 4561 698 4634; x_wconf 88' lang='lat' dir='ltr'>etiarn</span> <span class='ocrx_word' id='word_1_319' title='bbox 728 4581 794 4656; x_wconf 88' lang='lat' dir='ltr'>per</span> <span class='ocrx_word' id='word_1_320' title='bbox 822 4555 1009 4633; x_wconf 74' lang='lat' dir='ltr'>eeclesiam</span> <span class='ocrx_word' id='word_1_321' title='bbox 1043 4557 1110 4636; x_wconf 84' lang='lat' dir='ltr'>sata</span> <span class='ocrx_word' id='word_1_322' title='bbox 1136 4573 1177 4637; x_wconf 93' lang='lat' dir='ltr'>et</span> <span class='ocrx_word' id='word_1_323' title='bbox 1204 4561 1382 4638; x_wconf 79' lang='lat' dir='ltr'>collocata</span> <span class='ocrx_word' id='word_1_324' title='bbox 1407 4587 1474 4640; x_wconf 89' lang='lat' dir='ltr'>nea</span> <span class='ocrx_word' id='word_1_325' title='bbox 1500 4589 1573 4638; x_wconf 92' lang='lat' dir='ltr'>uon</span> <span class='ocrx_word' id='word_1_326' title='bbox 1597 4567 1791 4642; x_wconf 89' lang='lat' dir='ltr'>ambonem</span> 
     </span>
    </p>
   </div>
   <div class='ocr_carea' id='block_1_4' title="bbox 0 0 2310 5964">
    <p class='ocr_par' dir='ltr' id='par_1_4' title="bbox 0 0 2310 5964">
     <span class='ocr_line' id='line_1_36' title="bbox 0 0 2310 5964; baseline 0 0"><span class='ocrx_word' id='word_1_327' title='bbox 0 0 2310 5964; x_wconf 95' lang='lat' dir='ltr'> </span> 
     </span>
    </p>
   </div>
  </div>
 </body>
</html>
