4612 5964
495 787 580 881 xta]
970 787 1374 863 nonunounusn.
1807 797 1853 866 rr

494 987 541 1056 ris
567 987 633 1079 eijs
659 985 815 1080 impositi
844 998 882 1058 vt
908 990 1091 1080 prefertur
1118 1031 1126 1048 ·
1155 1010 1228 1058 non
1255 983 1421 1058 obstante
1447 985 1544 1077 quod
1575 1005 1639 1054 nos
1667 993 1705 1054 et
1733 984 1849 1056 felicis

493 1098 751 1171 reeordationis
765 1097 949 1172 Henrious
967 1094 1190 1193 predecessor
1202 1092 1324 1168 noster
1338 1095 1465 1166 vltimo
1478 1094 1669 1166 defunctus
1682 1093 1846 1166 tabulam

492 1219 532 1278 et
561 1209 727 1282 denarios
761 1213 962 1284 antedittos
987 1211 1190 1303 recepimus
1221 1209 1258 1278 in
1286 1207 1419 1278 fabrice
1448 1203 1654 1300 sumptuose
1684 1205 1846 1276 sanorem

492 1315 640 1392 ecclesie
671 1318 792 1394 nostre
821 1322 1000 1417 prelibato
1028 1357 1036 1376 ·
1065 1329 1104 1390 ot
1134 1319 1202 1389 lroo
1231 1317 1277 1390 ad
1307 1328 1520 1411 perpetuam
1551 1319 1601 1389 rei
1633 1317 1846 1388 memoriam

491 1433 659 1505 omnibus
676 1444 716 1505 et
733 1428 883 1530 singulis
900 1442 975 1503 tam
994 1428 1222 1524 presentibus
1239 1451 1347 1521 quam
1366 1428 1498 1500 suturis
1514 1450 1667 1521 quorum
1694 1427 1845 1500 interest

493 1543 548 1614 rel
575 1539 743 1616 interesse
769 1545 905 1638 poterit
930 1551 1059 1611 notum
1086 1540 1237 1612 facimus
1256 1551 1294 1612 et
1312 1551 1438 1612 tenore
1461 1537 1681 1635 presentium
1701 1552 1740 1611 vt
1766 1564 1845 1632 pre·

491 1657 652 1727 mittitur
680 1655 905 1728 declaramus
934 1689 944 1708 ·
973 1651 1111 1723 Datum
1142 1651 1207 1722 sub
1238 1647 1353 1746 sigillo
1384 1647 1503 1723 nostro
1533 1653 1720 1724 autentico
1746 1653 1842 1744 apud

490 1765 705 1838 Abbirdone
734 1765 863 1837 vltimo
894 1763 953 1834 die
987 1759 1119 1833 menfis
1149 1759 1306 1857 Augusti
1341 1786 1436 1836 anno
1469 1763 1615 1835 Domini
1652 1759 1843 1834 millesimo

489 1870 842 1972 quadringentesimo
858 1868 1156 1968 quinquagesimo
1173 1871 1277 1945 sexto
1295 1917 1304 1934 ·

903 2430 1201 2504 ORDINATIO
1233 2431 1425 2507 CHORI·

489 2770 544 2842 De
579 2770 805 2841 ordinatione
839 2767 938 2838 chori
975 2761 1125 2838 ecclesie
1159 2766 1376 2838 cathedralia
1405 2765 1690 2839 Abbirdouensrs
1721 2785 1759 2840 ot
1791 2771 1837 2840 do

486 2878 699 2953 stationibus
729 2874 938 2951 sessionibus
963 2887 1002 2948 et
1028 2874 1321 2949 eonuerfionibus
1337 2879 1383 2949 ad
1410 2881 1607 2952 matutinas
1632 2877 1768 2953 miss'am
1798 2900 1836 2952 et

485 2991 649 3087 resperas
666 2993 702 3062 in
722 2990 849 3062 eodem
868 2988 1041 3061 faciendis
1068 2999 1142 3062 tam
1163 2991 1198 3059 in
1218 2989 1317 3081 serijs
1334 3012 1442 3081 quam
1461 2991 1499 3062 in
1517 2986 1616 3063 sestis
1633 3015 1698 3086 per
1715 3004 1834 3064 totum

484 3125 619 3174 annum
639 3143 647 3161 ·

491 3305 538 3400 ln
559 3323 728 3420 superiori
754 3323 868 3418 gredo
894 3323 1146 3417 principalium
1174 3321 1403 3417 personarum
1423 3321 1528 3396 stalla
1544 3326 1642 3398 chori
1661 3327 1742 3397 sunt
1763 3345 1835 3397 ter-

484 3437 631 3511 minalia
647 3435 785 3509 scilieet
800 3437 839 3506 in
857 3435 1010 3506 introitu
1032 3435 1130 3506 ebori
1149 3456 1196 3506 ex
1215 3445 1317 3527 parte
1342 3435 1557 3508 occidentali
1576 3459 1597 3508 a
1615 3437 1754 3510 dextris
1780 3439 1832 3509 etl

483 3549 625 3622 stallum
640 3547 767 3620 decani
785 3569 807 3617 a
824 3541 971 3616 stuistris
984 3548 1143 3618 cantoris
1161 3587 1169 3602 ·
1189 3569 1235 3616 ex
1250 3558 1353 3639 parte
1366 3547 1533 3619 orientali
1551 3572 1574 3620 a
1589 3550 1719 3622 dextra
1732 3565 1834 3643 purte

481 3663 580 3734 chori
606 3655 659 3731 est
684 3655 828 3730 stallum
856 3656 1062 3751 cancellarij
1094 3679 1140 3728 ex
1171 3653 1334 3752 opposito
1368 3659 1577 3754 tlrelirurarij
1606 3701 1615 3716 ·
1642 3685 1663 3732 a
1693 3664 1833 3733 dextris

481 3774 608 3845 decani
620 3771 893 3844 archidiaconus
906 3807 915 3826 ·
930 3769 1062 3840 deinde
1075 3767 1262 3864 episeopus
1274 3792 1297 3843 a
1308 3770 1448 3842 dextris
1458 3770 1617 3843 eiusdem
1633 3813 1642 3830 ·
1656 3796 1678 3845 a
1691 3775 1832 3845 ‹lextris

480 3886 638 3956 cantoris
655 3880 835 3974 Ballreluy
852 3892 892 3952 et
908 3902 931 3951 a
948 3880 1088 3952 dextris
1112 3879 1270 3953 eiusdem
1292 3881 1505 3954 Murtblach
1524 3921 1534 3940 ·
1552 3883 1683 3956 deinde
1701 3886 1830 3978 reliqui

480 3996 644 4070 canonici
661 4017 706 4065 eo
723 3993 849 4064 ordine
866 4014 939 4085 quo
965 3994 1101 4086 recepti
1128 3993 1273 4065 fuerant
1297 3989 1493 4065 secundum
1519 3993 1682 4066 ordinem
1705 4000 1832 4091 priori·

482 4109 568 4179 tatis
598 4118 636 4177 et
662 4101 936 4198 posterioritatis
964 4141 973 4160 ·
1002 4099 1081 4196 post
1108 4125 1170 4176 eos
1197 4127 1244 4175 ex
1273 4114 1426 4196 atraque
1450 4115 1553 4198 parte
1580 4107 1699 4200 ricarij
1729 4109 1829 4180 chori

481 4217 676 4290 seeundum
703 4215 859 4288 eundem
878 4213 1040 4284 ordinem
1068 4237 1115 4286 ex
1141 4213 1458 4307 dispensationem
1475 4215 1602 4289 eodem
1629 4219 1742 4314 gradu
1767 4223 1829 4313 qui

479 4327 564 4401 sunt
584 4323 771 4424 presbiteri
788 4362 798 4382 ·
814 4325 943 4418 reliqui
972 4338 1096 4398 autem
1125 4324 1246 4398 cleriei
1273 4327 1335 4418 qui
1366 4347 1438 4398 non
1464 4323 1549 4400 sunt
1574 4327 1762 4421 preibiteri
1791 4335 1827 4403 iu

478 4439 636 4514 l'eeundo
659 4438 772 4534 gradu
803 4447 890 4509 ante
917 4429 1021 4509 stalla
1048 4436 1229 4531 lirperiora
1246 4475 1255 4494 ·
1274 4431 1453 4530 postremo
1475 4439 1633 4512 aceolliti
1659 4453 1699 4513 et
1725 4446 1828 4536 pueri

477 4549 720 4643 ebdomadarij
750 4547 820 4620 saie
847 4549 884 4619 in
912 4545 1001 4620 loeis
1025 4547 1208 4621 eonibetis
1234 4587 1243 4606 ·
1270 4548 1316 4620 de
1339 4548 1464 4642 officijs
1494 4572 1580 4622 vero
1605 4551 1826 4648 dignitatum

477 4659 628 4738 ecclesie
645 4659 750 4756 supra
767 4657 997 4732 scribuntur·
