4526 5954
512 737 615 834 xva]
980 745 1387 821 saunoonnusn.
1786 756 1859 826 arr

511 936 655 1011 Valteri
696 940 899 1019 Honesoun
934 946 969 1044 vj
1002 951 1045 1020 s.
1089 946 1150 1041 viij
1191 945 1229 1018 d.
1264 948 1325 1039 qui
1360 947 1529 1017 obierunt
1568 965 1664 1014 anno
1701 943 1852 1018 Domini

510 1069 754 1128 neccaxxx.

510 1160 649 1236 Eodem
663 1167 722 1240 die
739 1172 928 1266 trigintale
944 1195 1010 1266 pro
1029 1169 1221 1243 animabus
1237 1163 1391 1262 Angusrj
1408 1166 1556 1259 Glanny
1577 1163 1712 1259 sueque
1731 1171 1853 1238 rxoris

506 1296 532 1344 x
559 1275 588 1347 ἔ.
607 1277 653 1350 do
668 1289 765 1354 terra
778 1283 864 1354 olim
896 1284 1034 1354 domini
1058 1279 1237 1352 Johannis
1270 1277 1462 1372 Malysoun
1494 1277 1671 1372 capellani
1698 1277 1850 1373 predidti
1919 1287 1926 1302 '

507 1387 605 1459 ohori
624 1412 720 1465 nune
740 1391 919 1465 Willelmi
937 1388 1157 1464 Andersoun
1176 1389 1214 1460 in
1239 1391 1319 1462 vieo
1346 1391 1527 1462 furoarum
1545 1386 1791 1462 Abirdonensr
1805 1414 1850 1463 ex

505 1511 608 1590 parte
625 1504 792 1578 orientali
807 1501 966 1576 eiusdem
985 1504 1130 1574 iacente
1147 1541 1156 1556 ·
1176 1501 1238 1592 qui
1256 1498 1348 1594 obijt
1366 1524 1462 1574 anuo
1477 1501 1626 1572 Domini
1643 1521 1849 1574 mccccnx.

555 1723 706 1800 Decimo
720 1728 829 1798 tertio
840 1720 998 1819 Augusti
1011 1722 1295 1797 anniuersarium
1308 1747 1373 1819 pro
1386 1724 1573 1796 animabus
1582 1722 1607 1795 J
1609 1723 1711 1796 aoobi
1729 1727 1849 1816 quinti

503 1841 598 1932 regis
622 1837 812 1910 Scotorum
839 1844 877 1907 et
902 1831 1066 1932 magistri
1084 1835 1237 1908 Roberti
1256 1833 1485 1929 Hamyltoun
1510 1836 1657 1907 redtoris
1678 1837 1725 1907 de
1743 1834 1848 1931 Kyn-

502 1949 623 2020 oardin
653 1948 757 2041 xxiiij
788 1951 818 2020 ἔ.
852 1970 937 2018 cum
966 1949 1099 2020 ceteris
1124 1943 1320 2020 elimosinis
1345 1948 1562 2042 pauperibus
1592 1942 1847 2020 distribuendis

501 2075 609 2151 prout
626 2062 663 2130 in
682 2059 895 2131 fundatione
912 2055 1067 2154 desuper
1078 2061 1242 2132 eonfedta
1260 2060 1402 2153 plenius
1418 2061 1628 2132 continetur
1645 2098 1654 2116 ·
1672 2059 1735 2152 qui
1753 2059 1846 2154 obijt

502 2193 599 2242 anno
616 2169 766 2242 Domini
784 2211 793 2228 ·
822 2171 839 2266 [
1011 2169 1029 2266 ]
1644 2167 1649 2179 “

549 2392 586 2463 V
588 2388 734 2488 igeiimo
767 2392 870 2466 sexto
904 2391 1063 2490 Augusti
1100 2395 1383 2468 anniuersarium
1426 2420 1490 2491 pro
1524 2397 1646 2469 animo
1679 2393 1841 2493 magistri

499 2504 650 2578 Henrioi
677 2503 803 2600 Heruy
828 2505 915 2578 olim
941 2507 1100 2581 cantoris
1126 2505 1388 2580 Abirdonensrs
1411 2507 1473 2602 xiij
1493 2510 1522 2581 ἓ.
1541 2505 1592 2602 iiij
1619 2504 1658 2579 d.
1682 2509 1730 2580 de
1756 2507 1844 2581 villa

497 2617 543 2688 de
569 2615 662 2710 lytill
690 2615 943 2713 Mondournay
969 2617 1150 2691 soluendis
1170 2642 1235 2713 per
1259 2631 1529 2713 procuratorem
1547 2616 1679 2714 regalis
1696 2619 1839 2716 eollegij

498 2724 758 2802 Abirdonensrs
775 2769 784 2786 ·
801 2733 863 2824 qui
881 2729 972 2827 oijit
989 2754 1087 2803 anno
1105 2729 1253 2826 Dominj
1275 2751 1512 2803 mccccavn.

548 2837 686 2912 Eodem
714 2842 773 2915 die
793 2841 1077 2917 anniuersarium
1100 2842 1303 2916 Alexandri
1322 2839 1482 2916 Soiiloris
1499 2852 1539 2915 et
1554 2839 1618 2914 sue
1635 2845 1757 2916 uxoris
1773 2846 1838 2939 xiij

495 2954 525 3023 i.
551 2975 601 3046 ιιι]
620 2948 655 3021 d.
673 2935 718 3025 de
745 2955 841 3028 didon
867 2955 964 3028 willa
989 2955 1036 3028 de
1062 2955 1157 3049 lytill
1189 2953 1446 3050 Mondoumay
1468 2954 1530 3028 seu
1555 2957 1601 3027 de
1628 2956 1838 3030 molendino

494 3061 652 3136 eiusdem
670 3087 735 3159 per
750 3067 886 3140 dietum
903 3077 1174 3163 procuratorem
1193 3091 1424 3140 communem
1444 3066 1650 3141 soluendis·

692 3398 993 3470 Aunruassams
1011 3415 1150 3470 uenale
1167 3394 1411 3468 Summam
1428 3415 1607 3468 rusum
1626 3437 1633 3452 ·

543 3621 653 3694 Nono
683 3621 907 3717 Septembris
931 3617 1216 3693 anniuersarium
1247 3642 1311 3713 pro
1344 3621 1466 3692 anima
1492 3615 1715 3693 illustriillmi
1743 3626 1838 3719 regis

491 3731 619 3806 Jaoobi
636 3735 754 3826 quarti
771 3732 965 3806 Scotorum
986 3732 1081 3826 regis
1098 3753 1163 3826 per
1179 3739 1449 3826 procuratorem
1474 3753 1707 3805 communem
1730 3757 1839 3808 rano·

492 3845 653 3917 nieorum
672 3841 977 3918 Abirdoneniium
995 3841 1130 3916 soluen’
1154 3883 1163 3902 ·
1182 3844 1245 3937 qui
1261 3842 1354 3936 obijt
1372 3866 1469 3916 nono
1488 3843 1717 3938 Septembris
1740 3869 1837 3920 anno

493 3954 641 4028 Domini
658 3977 827 4030 unxnr.
845 3958 940 4052 apud
958 3955 1150 4029 Floudoun
1169 3995 1178 4012 ·

540 4177 694 4254 Decimo
710 4180 934 4276 Septembris
949 4178 1232 4256 anniuersarium
1250 4202 1313 4275 pro
1339 4183 1461 4254 anima
1478 4177 1638 4278 magistri
1653 4179 1835 4256 Johannis

489 4293 651 4366 Carroun
687 4293 751 4388 xiij
776 4297 807 4368 i.
841 4295 891 4390 iiij
921 4290 959 4365 d.
988 4294 1035 4368 de
1065 4305 1163 4366 terra
1191 4292 1373 4386 quondam
1407 4293 1547 4366 Thome
1581 4291 1702 4364 Rowll
1735 4315 1835 4368 nuno

487 4403 691 4478 Alexandri
714 4403 864 4499 Men3es
888 4418 927 4480 et
952 4404 1098 4480 suoram
1124 4400 1300 4478 heredum
1323 4407 1466 4480 iacente
1490 4407 1529 4478 in
1546 4405 1626 4477 vioo
1651 4404 1834 4479 fumum

487 4513 728 4592 Abirdonenii
752 4541 800 4592 ex
821 4527 924 4613 parte
948 4517 1117 4592 orientali
1142 4515 1302 4590 eiusdem
1331 4519 1420 4612 ·qui
1444 4518 1538 4612 obijt
1559 4537 1656 4590 anno
1681 4514 1833 4592 Domini

488 4649 750 4704 moocmcvnr.
1850 4671 1853 4683 ·

536 4761 621 4816 voa.
639 4763 681 4815 ιι.
829 4833 831 4840 Ι
1158 4745 1220 4814 Ξιι
