4612 5964
495 727 582 822 xv.]
968 726 1375 803 ABERDONENSE.
1803 734 1849 805 89

494 937 533 998 et
553 927 721 999 concordi
746 923 883 1000 assensu
908 941 948 1001 et
973 926 1426 1002 eonsensu'canonicorum
1455 920 1658 995 nostrorum
1685 925 1724 994 in
1753 925 1849 996 dista

494 1041 772 1136 congregatione
788 1043 948 1136 generali
966 1037 1254 1114 interessentium
1271 1061 1313 1108 ac
1327 1036 1534 1106 ordinamus
1551 1035 1846 1107 confirmationes

494 1147 791 1225 testamentorum
817 1157 978 1226 onmium
996 1163 1035 1224 et
1053 1150 1274 1246 singulorum
1298 1148 1554 1219 canonicorum
1571 1149 1667 1219 disse
1692 1143 1845 1220 ecclesie

493 1276 569 1334 tam
594 1265 887 1362 indignitatibus
914 1263 1192 1338 constitutorum
1210 1283 1317 1352 quam
1344 1259 1497 1331 aliorum
1523 1282 1587 1353 pro
1612 1271 1779 1354 tempore
1805 1263 1843 1332 in

491 1374 589 1448 dista
606 1383 757 1451 canonia
773 1375 1005 1451 residentium
1020 1375 1101 1446 Deo
1115 1369 1349 1444 seruientium
1368 1382 1406 1443 et
1424 1369 1684 1444 seruiturorum
1699 1397 1842 1445 necnon

491 1497 531 1559 et
548 1489 710 1562 omnium
727 1491 870 1563 illorum
888 1489 1142 1560 canonicorum
1169 1480 1329 1555 eiusdem
1348 1479 1498 1556 ecclesie
1516 1487 1576 1576 qui
1603 1486 1739 1556 ibidem
1757 1482 1842 1558 resr-

489 1600 653 1673 dentiam
678 1602 927 1674 inchoauerint
952 1599 1040 1670 lieet
1065 1593 1295 1668 residentiam
1317 1619 1389 1668 nou
1407 1595 1673 1688 compleueriut
1690 1598 1842 1669 ubicun-

489 1735 561 1806 que
577 1734 640 1785 eos
657 1717 752 1785 mori
765 1713 953 1806 contingat
970 1733 1034 1804 pro
1052 1733 1148 1782 anno
1166 1730 1238 1800 quo
1254 1706 1485 1780 reddentium
1505 1709 1758 1782 inchoaueriut
1774 1724 1840 1783 aut

489 1825 752 1920 compleuerint
779 1844 918 1894 necnon
937 1823 1150 1893 vicariorum
1179 1821 1448 1915 capellanorum
1474 1831 1512 1892 et
1538 1820 1752 1894 clericorum
1775 1828 1838 1916 qui

488 1939 534 2010 ad
552 1938 715 2009 diuinum
742 1935 897 2007 officiunt
919 1933 1088 2006 diurnum
1115 1934 1251 2026 pariter
1267 1943 1306 2004 et
1323 1935 1539 2003 noeturnum
1557 1935 1595 2004 iu
1613 1935 1722 2006 choro
1740 1934 1838 2008 diste

487 2044 639 2122 ecclesie
663 2048 799 2120 suerint·
823 2044 956 2119 astribti
973 2056 1012 2118 et
1028 2046 1178 2142 obligati
1204 2045 1400 2116 dummodo
1424 2043 1512 2117 dicti
1530 2047 1652 2140 vicarij
1670 2047 1770 2119 chori
1797 2060 1837 2122 et

487 2159 608 2233 clerici
622 2181 695 2230 non
713 2155 783 2231 sint
796 2159 999 2232 beneficiati
1017 2160 1062 2230 sd
1081 2157 1224 2230 exitum
1240 2181 1284 2230 ac
1301 2159 1411 2229 etiam
1430 2159 1692 2252 mancipiorum
1710 2161 1748 2231 in
1766 2158 1837 2232 ser·

487 2273 590 2365 uicije
607 2271 784 2346 ditiorum
801 2275 1053 2346 canonicorum
1071 2270 1263 2344 attualiter
1278 2265 1518 2342 infistentium
1536 2272 1581 2344 ad
1599 2273 1778 2345 decanum
1797 2288 1837 2347 et

486 2383 685 2478 capitulum
712 2381 860 2458 ecclesie
884 2380 1002 2456 nostre
1027 2407 1092 2479 pro
1118 2394 1283 2478 tempore
1307 2379 1505 2454 existentes
1531 2393 1570 2455 et
1599 2385 1637 2456 in
1667 2383 1835 2460 absencia

485 2497 614 2570 decani
630 2497 677 2570 ad
694 2499 865 2570 maiorem
883 2495 1134 2592 presedeutem
1159 2497 1373 2569 canonicum
1393 2507 1430 2566 et
1449 2495 1649 2590 capitulum
1676 2496 1836 2591 s'petture

485 2607 648 2703 plenarie
664 2619 703 2681 et
720 2610 900 2704 pertinere
916 2617 956 2681 et
972 2606 1212 2680 effettualiter
1227 2629 1294 2700 per
1309 2604 1452 2678 eosdem
1479 2608 1682 2680 confirmari
1700 2610 1835 2683 debere

487 2716 562 2793 line
587 2720 738 2801 licencia
771 2717 890 2792 nostra
914 2728 978 2791 aut
1004 2714 1240 2790 successorum
1272 2714 1472 2789 nostrorum
1502 2721 1661 2813 petenda
1687 2721 1745 2792 vel
1771 2723 1835 2795 ob-

484 2833 637 2905 tinendo
658 2871 667 2890 ·
692 2841 731 2904 et
756 2833 794 2902 in
820 2832 996 2904 decanum
1021 2840 1062 2902 et
1085 2829 1286 2924 capitulum
1311 2846 1349 2902 et
1377 2833 1414 2902 in
1440 2828 1606 2904 absencia
1635 2834 1765 2906 decani
1795 2837 1833 2908 in

484 2946 656 3016 maiorem
674 2943 921 3038 presedentem
940 2954 978 3014 ct
995 2941 1197 3036 capitulum
1219 2953 1257 3013 rt
1275 2940 1478 3035 premislirm
1498 2939 1551 3014 est
1568 2967 1651 3016 eum
1670 2945 1834 3040 plenaria

483 3053 664 3152 potestate
688 3057 858 3128 monendi
884 3053 1121 3150 suspendendi
1156 3056 1494 3129 excommunicandi
1525 3065 1564 3126 et
1590 3059 1832 3132 interdicendi

483 3191 624 3241 necnon
642 3168 808 3264 personas
825 3165 916 3263 ipssa
930 3165 977 3240 sic
990 3169 1325 3240 excommunicatas
1341 3163 1524 3260 suspensas
1537 3177 1602 3240 aut
1620 3170 1833 3246 interdistas

482 3281 518 3353 in
538 3282 654 3354 sorum
670 3277 818 3354 ecclesie
834 3278 1044 3355 absoluendi
1062 3288 1102 3353 et
1119 3279 1305 3352 relaxandi
1324 3277 1569 3350 transferimus
1586 3289 1625 3352 et
1643 3303 1708 3374 pro
1725 3284 1832 3356 nobie

481 3404 521 3466 et
535 3390 787 3466 successoribus
804 3389 931 3464 nostris
947 3417 1013 3487 per
1025 3389 1209 3487 presentes
1226 3390 1335 3486 plene
1347 3392 1573 3462 comittimus
1583 3395 1681 3464 vices
1694 3390 1832 3469 nostras

481 3518 520 3580 et
545 3505 788 3578 omnimodum
814 3501 1028 3599 potestatem
1055 3506 1152 3578 circa
1175 3502 1468 3576 consinnationes
1494 3503 1696 3576 huiusmodi
1723 3505 1833 3580 testa-

480 3631 686 3692 mentorum
713 3633 750 3690 et
777 3620 871 3692 circa
896 3620 1019 3690 omnis
1043 3627 1082 3690 et
1108 3610 1248 3712 singule
1273 3616 1309 3686 in
1334 3612 1563 3687 testamentis
1589 3628 1766 3693 contenta
1791 3633 1830 3692 ct

479 3732 724 3828 dependentia
752 3755 798 3803 ex
832 3727 965 3803 eisdem
1007 3751 1164 3827 necnon⁸
1185 3737 1224 3800 et
1258 3729 1353 3798 circa
1394 3737 1547 3800 asinatas
1588 3726 1649 3800 seu
1684 3731 1830 3804 annalia

479 3867 776 3939 quorumcunque
801 3843 1057 3916 beneficiorum
1075 3841 1120 3914 ad
1146 3836 1240 3934 ipsos
1256 3841 1448 3912 canonicos
1466 3835 1515 3912 stc
1532 3841 1753 3914 decedentes
1771 3845 1828 3917 vel

479 3977 604 4030 eorum
630 3966 844 4028 executores
868 3952 1066 4048 spottantia
1094 3952 1313 4045 abicumque
1339 3952 1433 4024 inira
1460 3948 1616 4024 nostram
1648 3951 1827 4028 diocesem

480 4064 775 4141 Aberdonensem
799 4069 842 4139 'ac
859 4068 970 4137 etiam
987 4065 1033 4138 ad
1050 4062 1343 4158 compellendum
1363 4073 1579 4136 executores
1596 4065 1830 4140 confirmatos

478 4181 584 4252 iuxta
607 4179 828 4274 exigentiam
854 4177 1027 4271 temporis
1051 4174 1327 4272 percensuram
1355 4171 1506 4248 ecclesie
1530 4176 1577 4248 ad
1602 4178 1828 4251 reddendum

478 4299 687 4386 compotum
702 4291 747 4362 de
759 4286 1068 4362 administratione
1080 4288 1257 4360 bonorum
1275 4305 1312 4360 et
1331 4312 1393 4360 cos
1410 4311 1495 4360 cum
1513 4298 1659 4383 tempus
1671 4291 1828 4386 exigerit

478 4402 749 4477 exonerandum
760 4412 800 4474 et
810 4400 1119 4495 quitelamandum
1131 4422 1355 4493 proquorum
1366 4401 1514 4493 quidem
1525 4397 1827 4475 testamentorum

478 4513 812 4590 confirmationibus
824 4524 1038 4586 executores
1054 4522 1231 4586 tenentur
1241 4509 1381 4584 soluere
1398 4512 1536 4584 decano
1553 4521 1594 4584 et
1609 4512 1772 4607 capitulo
1788 4526 1828 4588 et

478 4632 516 4703 in
528 4627 658 4700 deceni
669 4623 837 4700 absencia
848 4627 972 4700 maiori
988 4624 1193 4722 presedenti
1208 4635 1248 4697 et
1266 4623 1426 4719 capitulo
1439 4623 1530 4696 duos
1546 4620 1678 4698 solidos
1692 4626 1732 4699 in
1746 4624 1829 4701 usus

526 4759 613 4814 vor..
630 4757 672 4811 ιι.
908 4806 910 4810 .
1139 4757 1169 4810 ιι
