4566 5942
499 705 569 774 292
1014 691 1321 768 REGISTRUM
1682 697 1833 794 [sucum

501 895 558 968 vel
584 899 782 993 impugnari
808 897 869 970 seu
895 897 1059 992 impediri
1077 893 1135 966 rel
1153 891 1288 964 differri
1305 931 1314 949 ·
1333 892 1395 963 Ad
1410 891 1476 964 hec
1492 893 1644 987 predicti
1667 897 1776 970 abbas
1793 911 1831 970 et

501 1023 701 1083 conuentus
726 1034 797 1083 vna
813 1035 895 1084 cum
921 1009 1090 1104 predittis
1107 1000 1277 1101 magistro
1295 1011 1335 1074 et
1352 1003 1516 1076 fratribus
1533 1007 1777 1098 procurabunt
1793 1022 1831 1080 et

501 1122 633 1195 facient
649 1135 827 1215 quatenus
843 1125 881 1194 in
898 1125 950 1195 eis
975 1117 1029 1194 est
1053 1117 1285 1214 supplicando
1314 1115 1409 1208 quod
1432 1114 1617 1210 episcopus
1642 1117 1831 1191 Aberdon·

501 1230 593 1306 ensro
608 1231 843 1328 supradictam
865 1229 1159 1329 composrtionem
1186 1251 1250 1323 pro
1273 1227 1310 1301 se
1336 1236 1376 1299 et
1395 1222 1644 1300 sucoeil'oribus
1661 1226 1732 1300 suis
1749 1235 1832 1302 rati-

500 1346 622 1418 iicabit
644 1355 683 1417 et
707 1346 919 1440 approbabit
944 1355 984 1418 et
1007 1344 1104 1438 quod
1131 1344 1290 1415 decanus
1306 1349 1345 1412 et
1363 1339 1557 1433 capitulum
1574 1340 1831 1413 Aberdonense

501 1456 705 1551 i'upradibiis
729 1455 960 1528 ratificationi
973 1465 1012 1528 et
1028 1454 1280 1548 approbationi
1297 1451 1599 1525 confirmatorium
1622 1450 1829 1524 consensum

500 1563 744 1661 prestabant·
775 1565 819 1636 In
847 1569 949 1638 ouius
980 1569 1032 1636 rei
1066 1561 1314 1637 testimonium
1343 1565 1433 1658 parti
1461 1563 1569 1635 huius
1602 1560 1830 1636 instrumenti

500 1677 746 1771 cyrographati
779 1675 941 1767 bipartiti
975 1697 1086 1769 penes
1120 1676 1234 1747 distes
1268 1671 1472 1771 magistrum
1511 1690 1551 1748 et
1589 1676 1716 1749 fratres
1749 1673 1832 1749 resr-

501 1789 600 1860 denti
634 1782 789 1880 sigillum
823 1808 1015 1857 commune
1045 1781 1251 1878 monasterij
1280 1787 1327 1858 de
1355 1787 1521 1860 Calchow
1544 1801 1584 1861 et
1609 1785 1725 1884 iigilla
1750 1788 1831 1861 suh-

500 1901 624 1992 prioris
641 1909 680 1968 et
696 1893 838 1968 sacriste
855 1892 1169 1968 commiilariornm
1193 1894 1280 1968 sunt
1304 1895 1456 1992 appensa
1473 1943 1482 1960 ·
1500 1900 1601 1973 Parti
1619 1923 1704 1973 vero
1721 1925 1831 1997 penes

500 2010 633 2080 ditium
657 2019 879 2080 conuentum
906 2011 951 2079 de
982 2005 1161 2080 Kalchow
1185 2005 1356 2080 refidenti
1380 2009 1531 2110 appensa
1558 2010 1643 2084 sunt
1676 2010 1830 2108 sigillum

500 2117 655 2215 magistri
688 2120 815 2190 domus
844 2118 985 2214 Templi
1013 2120 1051 2189 in
1080 2118 1206 2192 Scotia
1226 2126 1265 2189 et
1292 2141 1480 2192 commune
1505 2116 1660 2217 sigillum
1690 2124 1828 2218 Templi

499 2231 633 2327 Anglie
657 2244 696 2303 et
721 2226 1035 2303 commillariorum
1058 2226 1343 2324 supradictorum
1368 2271 1376 2288 ·
1401 2229 1536 2302 Datum
1559 2235 1655 2328 apud
1682 2233 1831 2308 Lawdre

500 2345 558 2416 die
576 2343 707 2416 Martis
724 2343 888 2437 proximo
905 2340 983 2437 post
1000 2338 1132 2414 festum
1156 2339 1333 2416 Omnium
1350 2339 1546 2416 nouorum
1570 2369 1666 2419 anno
1684 2347 1829 2421 Domini

501 2475 719 2528 rucenxxx.
749 2452 935 2549 septimo·
963 2449 1038 2528 Ista
1070 2454 1177 2528 litera
1209 2454 1281 2526 i'uit
1315 2449 1464 2550 sigillata
1492 2467 1649 2551 quatuor
1673 2455 1829 2556 iigillis·

499 2569 652 2662 primum
670 2564 824 2663 sigillum
848 2566 920 2638 fuit
944 2567 992 2638 de
1018 2563 1094 2639 sera
1118 2566 1223 2638 viridi
1248 2588 1333 2637 cum
1351 2589 1441 2664 agno
1463 2564 1584 2641 santio
1601 2570 1639 2642 iu
1658 2573 1777 2644 medio
1793 2575 1830 2644 in

499 2683 601 2753 cuius
618 2680 905 2752 circumferentia
931 2678 1102 2775 scriptum
1129 2679 1201 2750 fuit
1224 2673 1381 2773 figillum
1397 2679 1521 2774 templi
1540 2679 1664 2754 Scotie
1680 2722 1690 2740 ·
1708 2682 1831 2756 secun·

499 2794 585 2864 dum
604 2788 756 2887 sigillum
783 2793 852 2864 suit
869 2792 915 2863 de
932 2789 1010 2863 sora
1024 2789 1107 2867 elba
1127 2812 1210 2864 cum
1227 2787 1330 2862 scuto
1346 2791 1470 2884 inquo
1493 2804 1599 2866 erant
1617 2804 1690 2866 tres
1707 2806 1803 2867 rtres
1821 2836 1830 2854 ·

499 2906 646 2976 tertium
674 2927 756 2974 vero
783 2900 937 2999 sigillum
962 2902 1034 2974 suit
1058 2901 1255 2996 oblongum
1281 2923 1366 2972 cum
1389 2904 1553 2998 ymagine
1580 2903 1686 2977 beate
1712 2905 1830 2979 Marie
1987 2939 1989 2944 ·

499 3018 536 3086 in
554 3017 671 3086 medio
694 3015 1023 3088 circumferentiam
1049 3036 1134 3085 vero
1159 3013 1267 3084 huius
1284 3035 1359 3084 non
1376 3015 1472 3106 potui
1499 3013 1620 3110 legere
1636 3054 1645 3072 ·
1662 3031 1829 3110 quartum

499 3125 652 3222 tigillum
670 3127 740 3198 fuit
757 3127 802 3197 de
819 3123 895 3197 sera
911 3124 993 3198 alba
1009 3137 1048 3196 et
1064 3124 1261 3219 oblongum
1288 3126 1325 3196 in
1352 3126 1450 3197 cuius
1467 3128 1587 3198 medio
1607 3125 1746 3224 sculpta
1761 3131 1830 3203 fuit

498 3261 625 3334 ymago
654 3235 773 3316 sauhte
803 3237 976 3308 trinitatis
1003 3231 1082 3329 post
1115 3238 1218 3308 cuius
1253 3235 1360 3310 litere
1393 3238 1650 3312 exhibitionem
1680 3242 1732 3314 fui
1768 3267 1831 3338 per

498 3352 682 3421 <lominum
699 3349 866 3420 abbatem
893 3348 938 3418 de
964 3344 1142 3420 Kalchow
1159 3371 1244 3420 cum
1262 3348 1387 3422 debita
1400 3346 1567 3424 instantia
1583 3350 1774 3446 requifitus
1792 3371 1830 3428 rt

498 3461 608 3556 ipsam
624 3464 802 3555 copiarem
820 3468 859 3530 et
877 3462 912 3530 in
932 3458 1113 3553 publicam
1130 3459 1284 3532 formam
1311 3463 1505 3556 redigerem
1522 3500 1532 3519 ·
1549 3465 1668 3548 Quam
1688 3465 1827 3540 literam

499 3572 548 3647 src
575 3575 715 3668 copiaui
742 3581 781 3644 et
811 3567 1011 3666 transcripsi
1042 3571 1152 3643 nichil
1178 3573 1212 3643 ei
1239 3572 1404 3645 addendo
1421 3584 1484 3644 aut
1509 3575 1706 3649 minuendo
1733 3583 1828 3671 quoal

498 3686 579 3758 fati
604 3681 835 3757 substantiam
861 3685 1071 3756 immutauit
1095 3695 1160 3757 aut
1184 3682 1409 3756 intelleaum
1433 3686 1586 3758 sanauit
1603 3725 1613 3745 ·
1630 3689 1725 3761 nea
1748 3689 1826 3763 ihnt

497 3799 564 3870 hec
597 3798 634 3868 in
668 3791 883 3867 monasterio
916 3794 962 3866 de
995 3793 1174 3868 Kolchow
1203 3795 1339 3866 ordinis
1368 3792 1474 3866 sensti
1502 3794 1691 3870 Benedici
1718 3799 1826 3873 santii

498 3907 645 3981 Andree
661 3899 819 4001 dyocesis
834 3903 986 3999 septimo
1003 3905 1062 3978 die
1083 3902 1214 3978 mensis
1235 3904 1374 4000 Aprilis
1390 3927 1480 3978 anno
1507 3905 1654 3980 Domini
1672 3922 1828 3984 rauce.¹¹⁰

498 4014 723 4116 nonagesimo
756 4013 858 4090 sexto
893 4014 1095 4091 Indistione
1127 4028 1256 4112 quarta
1288 4017 1515 4111 pontificatur
1554 4017 1755 4094 nnaiffimi
1791 4029 1827 4097 iu

498 4129 639 4208 Christo
663 4132 774 4226 patris
791 4139 831 4202 et
847 4129 982 4202 domini
1000 4125 1111 4202 nostri
1137 4129 1275 4202 domini
1292 4126 1475 4202 Benedisti
1493 4131 1618 4204 diuina
1639 4136 1829 4226 prouiden-

498 4250 550 4320 tia
569 4245 666 4339 Pape
683 4261 771 4316 xru.
787 4263 882 4315 anno
898 4236 1053 4312 secundo
1070 4279 1080 4298 ·
1097 4236 1325 4335 presentibus
1341 4236 1507 4336 religiofis
1525 4243 1610 4315 viris
1621 4255 1662 4317 et
1674 4244 1826 4320 dominis

500 4359 658 4431 lieberto
675 4368 714 4427 et
731 4351 886 4427 Ricardo
902 4348 1061 4426 eiusdem
1078 4345 1285 4445 monnsterij
1311 4353 1490 4426 monachis
1507 4352 1670 4429 discretis
1687 4360 1771 4431 viris
1787 4373 1826 4432 et

496 4471 650 4544 dominis
664 4466 832 4540 Johanue
848 4466 895 4537 de
910 4462 1082 4538 Grenlavr
1097 4473 1138 4536 et
1153 4463 1200 4536 de
1213 4461 1363 4536 Gordon
1382 4460 1605 4539 ecclesiarum
1619 4469 1665 4540 de
1678 4468 1824 4544 Gordon

496 4597 534 4656 ct
552 4579 668 4654 Molle
684 4575 941 4674 parochialium
967 4573 1162 4670 capellanis
1179 4615 1189 4634 ·
1206 4573 1377 4650 Johanno
1392 4575 1463 4650 lilio
1481 4576 1660 4654 sohannn
1676 4591 1715 4654 et
1734 4581 1826 4654 Wil-
