4526 5954
439 605 511 675 286
971 597 1278 674 REGISTRUM
1301 639 1317 686 2
1629 599 1780 696 [secum

439 822 654 895 quocunque
665 801 892 899 permanebit
901 796 1085 893 quousque
1098 794 1143 864 de
1154 803 1234 865 tota
1251 792 1347 863 dieta
1357 789 1495 864 summa
1507 797 1663 888 pecunie
1678 792 1779 868 fimui

441 909 552 984 i'emel
569 924 608 985 et
624 914 783 1010 plenarie
795 913 905 984 fuerit
922 906 1136 982 satiffaRum
1152 902 1255 976 nullo
1271 903 1505 996 proponendo
1522 901 1689 978 obstante
1706 945 1716 964 ·
1731 904 1781 979 Et

441 1023 571 1098 adhoc
589 1025 711 1098 omnia
733 1021 892 1096 fideliter
907 1031 946 1092 et
970 1014 1197 1112 integraliter
1213 1011 1435 1086 obsemauda
1458 1014 1566 1087 ambe
1591 1027 1712 1107 partes
1728 1017 1780 1088 al.

442 1138 613 1210 ternatim
631 1136 740 1209 fidem
757 1129 991 1229 prestiterunt
1013 1125 1234 1220 corporalem
1252 1166 1260 1183 ·
1280 1123 1325 1197 In
1343 1127 1446 1197 cuius
1462 1127 1516 1197 rei
1534 1119 1779 1197 testimonium

441 1257 545 1340 perte
561 1247 668 1318 buius
686 1244 807 1337 scripti
824 1239 1071 1336 cyrogrepbati
1090 1259 1201 1330 penes
1217 1236 1330 1310 diitoa
1346 1235 1523 1310 Thomam
1541 1246 1580 1307 et
1598 1233 1783 1330 Margare-
1801 1241 1806 1246 '

440 1370 516 1430 tam
534 1354 702 1430 residenti
719 1350 876 1449 figillum
892 1351 977 1424 disti
994 1349 1019 1422 J
1021 1349 1171 1421 obannia
1188 1345 1243 1419 est
1258 1345 1454 1443 appensum
1472 1370 1544 1420 vna
1565 1370 1649 1418 oum
1667 1342 1781 1441 tigillo

441 1468 625 1542 communi
649 1465 735 1537 dieti
761 1463 866 1556 burgi
892 1462 939 1532 dc
961 1460 1135 1532 Aberden
1153 1469 1192 1532 et
1216 1455 1340 1555 figinis
1365 1461 1450 1534 Ade
1475 1459 1540 1553 filij
1559 1459 1718 1533 Gilberti
1744 1471 1782 1530 et

441 1577 623 1652 Willeimi
640 1579 686 1647 de
704 1573 867 1645 Daltonn
892 1581 981 1643 tunc
998 1571 1216 1673 balliuorum
1242 1571 1401 1646 eiusdem
1417 1572 1524 1667 burgi
1547 1571 1665 1666 gratia
1685 1567 1784 1642 testi·

441 1691 579 1784 mpnij·
607 1695 647 1758 et
670 1684 825 1758 aiteram
849 1691 992 1776 partem
1008 1705 1120 1776 penes
1145 1683 1283 1758 ditium
1300 1684 1508 1758 Jobannem
1534 1691 1780 1756 remanentem

439 1801 556 1872 diuus
573 1797 729 1868 Thomas
754 1790 860 1888 sigilli
877 1791 930 1866 sui
956 1790 1183 1889 impressiooe
1208 1796 1392 1868 roborauit
1409 1817 1481 1868 vna
1506 1816 1589 1869 cum
1616 1792 1782 1864 omnibus

440 1908 563 2007 sigillis
579 1907 839 2002 prenominatis
855 1905 915 1978 die
932 1905 1012 1978 ioco
1029 1918 1069 1980 et
1085 1930 1180 1981 anno
1197 1906 1408 2003 supradiffie
1426 1947 1435 1965 ·

441 2231 565 2304 bitere
581 2255 646 2327 pro
660 2231 696 2305 la
714 2227 838 2304 Cawse
856 2234 902 2305 de
919 2230 1080 2306 Montbe
1098 2274 1107 2292 ·

441 2433 607 2531 Presene
624 2455 820 2528 indentura
835 2454 930 2528 fasta
945 2457 1042 2551 apud
1056 2456 1229 2531 Aberdeu
1249 2460 1287 2530 in
1304 2456 1428 2554 vigilia
1443 2457 1670 2553 pentecostae
1686 2480 1782 2531 anuo

440 2568 590 2643 Domini
604 2562 792 2639 miliefimo
809 2562 1053 2641 tricentefimo
1065 2565 1281 2666 obogefimo
1294 2579 1422 2665 quarto
1439 2566 1594 2641 testatur
1605 2568 1701 2662 quod
1714 2593 1782 2664 ego

437 2681 627 2756 Jobannee
643 2677 739 2752 Crab
765 2691 869 2772 pater
891 2676 1078 2775 burgenfia
1102 2680 1149 2753 de
1173 2682 1348 2754 Aberden
1370 2679 1455 2753 dodi
1480 2675 1630 2752 conociii
1650 2692 1689 2753 et
1714 2679 1782 2752 hoc

440 2788 596 2888 presenti
611 2787 740 2885 scripto
754 2812 836 2862 meo
848 2784 1054 2885 iirograi'ato
1067 2789 1125 2864 vel
1139 2792 1327 2865 indentato
1341 2789 1552 2864 confirmabi
1565 2791 1696 2865 dileto
1706 2790 1781 2862 filio

439 2927 522 2976 meo
541 2901 656 2974 Paulo
669 2899 765 2973 Crob
777 2910 895 2973 totam
908 2912 1041 2976 terram
1051 2925 1170 2975 meam
1188 2903 1234 2976 de
1251 2901 1440 2998 Kyncortb
1455 2925 1539 2976 cum
1553 2899 1781 2999 pertinentije

439 3016 716 3109 inpignoratam
742 3034 807 3106 per
831 3010 1000 3084 abbatem
1018 3013 1064 3086 de
1088 3013 1297 3088 Aberbrotb
1324 3026 1363 3088 et
1381 3025 1604 3088 conuentum
1622 3011 1778 3088 eiusdem

441 3123 504 3198 sub
521 3126 589 3198 hac
606 3124 813 3197 conditione
830 3123 925 3214 quod
943 3125 1229 3219 quandocunque
1247 3129 1434 3221 contingat
1459 3125 1593 3198 ditium
1611 3127 1779 3200 abbatem

440 3238 499 3310 vel
516 3245 739 3310 conuentum
757 3231 914 3306 eiusdem
941 3238 1148 3330 acquietare
1165 3237 1222 3310 vei
1248 3235 1385 3310 soluere
1410 3237 1542 3312 dietam
1568 3241 1782 3336 impignora-

440 3353 580 3424 tionem
598 3349 714 3421 dietus
731 3345 867 3419 Paulus
883 3346 978 3420 iilius
995 3370 1098 3422 meus
1115 3351 1266 3444 recipiet
1282 3361 1322 3422 et
1333 3349 1482 3434 babebit
1498 3351 1544 3424 ad
1562 3348 1662 3423 vsum
1679 3347 1779 3422 suum

439 3463 623 3558 proprium
646 3461 909 3555 quinquaginta
932 3458 1042 3534 librae
1067 3456 1318 3559 sterlingorum
1339 3473 1379 3535 et
1403 3461 1494 3534 aliua
1521 3463 1781 3558 quinquaginta

440 3574 549 3646 librae
575 3571 723 3645 babebit
739 3573 778 3642 in
796 3566 957 3665 depoiito
981 3572 1027 3645 ad
1045 3570 1144 3645 vsum
1170 3587 1209 3646 et
1227 3569 1522 3647 sustentationem
1546 3575 1666 3669 pontio
1688 3596 1781 3667 aque

440 3687 487 3760 de
504 3683 585 3757 Dee
605 3721 614 3740 ·
633 3681 755 3756 Etiam
769 3683 853 3756 dedi
871 3692 911 3756 et
926 3681 1079 3758 conceffi
1097 3686 1193 3759 dioto
1210 3683 1324 3760 Paulo
1341 3685 1418 3758 iiiio
1433 3707 1517 3758 meo
1534 3684 1616 3758 iilos
1631 3685 1782 3779 quadra·

440 3799 545 3895 ginta
553 3792 684 3868 solidos
694 3794 784 3867 mibi
793 3796 982 3867 annuatim
995 3799 1250 3893 contingentes
1262 3795 1408 3870 baronio
1421 3797 1469 3869 de
1482 3795 1634 3891 Fyndon
1648 3799 1685 3870 iu
1702 3820 1780 3891 par·

442 3908 542 3982 tibus
558 3906 738 3980 montium
751 3905 797 3977 ad
811 3901 911 3978 nsum
924 3929 1016 4001 opua
1032 3920 1071 3981 et
1082 3905 1380 3981 sustentationem
1397 3905 1592 4003 decausey
1602 3910 1779 3981 montium

440 4033 479 4094 et
496 4019 618 4116 pontis
634 4039 727 4112 aque
743 4016 791 4089 de
807 4015 888 4090 Dee
905 4016 970 4091 sub
982 4017 1051 4094 bac
1061 4018 1268 4094 conditione
1284 4019 1379 4112 quod
1396 4019 1513 4094 ditias
1526 4018 1662 4094 Paulus
1674 4019 1780 4092 iaciat

439 4133 581 4208 obitum
608 4150 729 4202 meum
746 4128 786 4200 in
809 4123 1027 4204 monastmio
1042 4130 1090 4204 de
1105 4129 1314 4205 Aberbrotb
1333 4127 1425 4204 stont
1437 4131 1507 4205 ioci
1526 4135 1633 4206 matri
1654 4130 1717 4205 sue
1740 4143 1779 4206 et

439 4245 489 4320 ibi
507 4241 624 4316 soluat
641 4243 764 4316 decem
783 4261 921 4314 marom
937 4240 985 4314 de
1000 4241 1114 4316 firmia
1129 4243 1176 4316 ‹ie
1193 4239 1373 4317 Kincortb
1401 4283 1412 4302 ·
1437 4254 1477 4318 et
1501 4245 1538 4316 in
1563 4255 1703 4338 partem
1729 4242 1780 4316 tb-

437 4353 588 4430 lutionia
604 4353 780 4428 ditiorum
793 4351 918 4426 decem
933 4373 1134 4428 marcarum
1152 4353 1199 4429 do
1210 4364 1250 4429 et
1266 4355 1426 4431 concedo
1442 4355 1538 4429 dieo
1556 4353 1670 4428 Paulo
1685 4356 1780 4431 crab

435 4466 518 4542 illan
529 4467 689 4563 quinque
706 4485 844 4538 marcae
854 4459 1106 4562 sterlingorum
1120 4469 1159 4542 in
1170 4467 1302 4562 quibua
1312 4467 1481 4543 dominae
1494 4464 1605 4566 Hugo
1622 4471 1668 4544 de
1678 4469 1781 4544 Dun-
