4526 5954
482 711 553 778 938
980 705 1304 782 ⁴RllGIS'l'RUM
1666 703 1819 802 [sucum

486 927 572 976 num
598 921 637 977 et
663 871 896 1002 blasphemias
919 931 1043 980 eorum
1070 930 1117 978 ne
1141 902 1339 976 metuatis·
1365 899 1468 972 Sicut
1494 903 1592 972 enim
1619 897 1811 976 vestimen·

486 1030 564 1090 tum
598 1016 647 1092 lio
680 1021 845 1093 comedet
870 1043 931 1093 eos
957 1019 1087 1094 vermis
1119 1025 1159 1089 et
1183 1008 1274 1084 sicut
1300 1010 1421 1084 lanum
1450 1007 1496 1084 fic
1526 1011 1716 1086 denotabit
1744 1037 1807 1086 eoa

485 1132 609 1204 tinea·
629 1131 735 1206 Salus
759 1143 881 1204 autem
907 1154 988 1203 mea
1004 1132 1041 1202 iu
1059 1127 1314 1221 sempiternum
1340 1125 1410 1195 erit
1442 1132 1480 1194 et
1508 1119 1648 1196 iusticia
1673 1147 1753 1196 msa
1770 1128 1808 1197 in

484 1245 735 1339 generationes
751 1245 1025 1338 generationum
1043 1279 1051 1296 ·

574 1577 778 1651 Doururca
795 1595 972 1648 secunus
989 1571 1206 1644 Anonnrcs
1224 1568 1379 1648 Dourrn
1398 1613 1407 1630 ·
1428 1567 1488 1644 An
1506 1567 1723 1646 Ronanus·

535 1803 678 1874 Fratres
696 1843 705 1860 ·
724 1799 946 1892 Quecunqne
973 1799 1070 1869 enim
1096 1796 1225 1892 scripta
1251 1797 1335 1871 sunt
1364 1799 1411 1872 ad
1435 1793 1588 1870 nostram
1615 1799 1813 1872 dobtrinarn

483 1912 614 2006 scripta
630 1908 712 1982 snut
729 1922 770 1981 rt
786 1934 850 2005 per
866 1910 1079 2003 patientiam
1096 1919 1135 1982 et
1151 1909 1433 1984 consolationem
1447 1909 1697 2004 scripturarum
1717 1908 1815 2006 spem

483 2025 679 2098 babeamus
707 2062 717 2080 ·
747 2020 848 2094 Deus
878 2030 1001 2094 antem
1029 2023 1203 2113 patientie
1233 2033 1273 2096 et
1301 2022 1421 2118 solacij
1446 2024 1510 2096 det
1535 2024 1637 2097 robis
1662 2021 1814 2118 idipsum

484 2135 606 2230 sapere
623 2136 660 2205 in
678 2125 892 2205 alterutrum
909 2129 1104 2204 secuudum
1130 2132 1249 2206 Iesum
1268 2131 1449 2208 Christum
1460 2173 1470 2193 ο
1481 2145 1521 2208 rt
1539 2138 1724 2210 rumines
1743 2158 1815 2208 vuo

483 2272 544 2320 ore
555 2247 796 2319 honorificetis
808 2245 928 2318 Deum
946 2254 985 2316 et
1001 2233 1145 2339 patrem'
1158 2247 1295 2318 domiui
1309 2242 1419 2319 nostri
1436 2243 1516 2320 Iesu
1533 2244 1688 2321 Christi·
1704 2247 1816 2342 Prop-

484 2376 541 2434 ter
565 2359 661 2454 qnod
687 2357 853 2454 suscipite
870 2359 1026 2430 inuicem
1044 2353 1135 2430 ficut
1151 2367 1190 2430 et
1207 2353 1370 2430 Christus
1393 2357 1542 2454 suscepit
1558 2382 1622 2431 ros
1638 2361 1678 2431 in
1703 2361 1815 2432 bono-

483 2497 559 2546 rem
577 2471 648 2544 Dei
666 2513 675 2530 ·
696 2469 787 2544 Dico
803 2471 901 2544 enim
918 2466 1100 2543 Christum
1127 2467 1249 2542 Iesum
1277 2465 1477 2542 ministrnm
1501 2465 1602 2543 nolle
1627 2475 1813 2546 circumci-

484 2581 589 2657 sionis
605 2593 752 2679 propter
763 2584 954 2655 veritatem
974 2578 1043 2652 Dei
1057 2581 1101 2652 ud
1119 2579 1379 2654 confirmandae
1393 2577 1633 2675 promissiones
1646 2594 1812 2677 patrum·

484 2698 623 2772 Gentes
640 2705 763 2768 antem
789 2693 894 2789 super
918 2689 1157 2764 misericordia
1179 2692 1354 2765 bonorare
1380 2690 1498 2766 Deum
1525 2688 1617 2766 srcut
1641 2693 1812 2790 scripturn

483 2804 538 2882 est
554 2808 755 2902 Propterea
779 2803 979 2880 confitebor
1004 2803 1072 2876 tibi
1096 2805 1135 2875 in
1158 2804 1330 2898 gentibus
1355 2801 1510 2876 Domine
1525 2815 1565 2878 st
1581 2807 1719 2879 nomini
1748 2819 1811 2880 tuo

483 2922 662 2995 cantabo·
681 2917 731 2990 Et
756 2921 889 2990 iterum
911 2916 1001 2987 dicit
1030 2913 1212 2986 laetamini
1236 2922 1367 3010 gentes
1383 2937 1465 2986 cum
1489 2915 1595 3010 plebe
1620 2919 1698 2990 eius
1725 2959 1734 2976 ·
1762 2917 1812 2992 Et

483 3037 615 3106 iterum
654 3029 821 3104 Laudato
854 3048 980 3099 omnes
1015 3039 1142 3120 gentes
1176 3023 1376 3098 Dominum
1406 3037 1444 3098 et
1471 3027 1700 3123 magnificate
1728 3053 1814 3105 eum

482 3166 607 3216 omnes
632 3141 780 3239 populi·
800 3139 850 3212 Et
875 3135 1013 3210 rursum
1031 3135 1140 3210 lsaias
1165 3138 1217 3209 ait
1242 3136 1324 3208 Erit
1349 3137 1450 3210 radix
1466 3134 1557 3211 Iesse
1573 3150 1612 3213 et
1628 3144 1690 3234 qni
1708 3165 1814 3214 exur-

480 3268 545 3354 get
574 3279 698 3352 regere
724 3263 852 3350 gentes
879 3252 917 3322 in
944 3271 1028 3322 enm
1055 3259 1183 3344 gentes
1207 3247 1403 3344 sperabunt
1426 3287 1436 3307 ·
1461 3249 1560 3324 Dens
1588 3263 1714 3326 autem
1739 3253 1813 3350 spei

481 3367 620 3462 repleat
635 3387 699 3437 ros
716 3365 814 3436 omni
838 3362 970 3460 gaudio
986 3372 1026 3434 et
1042 3383 1129 3454 pace
1154 3363 1192 3432 in
1216 3360 1400 3434 credendo
1419 3371 1457 3434 rt
1471 3362 1664 3438 abundetis
1686 3367 1726 3439 in
1748 3362 1810 3461 spe

485 3489 524 3552 et
541 3481 677 3551 virtute
690 3477 848 3571 Spiritus
866 3473 989 3548 sanci
1008 3509 1017 3526 ·

752 3808 876 3887 Faarn
893 3831 1045 3891 unsara
1060 3847 1070 3866 ·
1087 3805 1288 3884 Zacuaara
1307 3831 1510 3884 raornrrr
1528 3849 1538 3869 ·

533 4037 615 4112 lieo
632 4037 721 4110 dicit
741 4037 907 4109 domiuus
924 4035 1025 4108 Deus
1052 4035 1277 4108 exercituum
1296 4031 1474 4108 Reuersus
1499 4034 1575 4108 sum
1592 4037 1638 4111 ad
1655 4037 1754 4134 Syon
1771 4049 1812 4114 et

483 4151 653 4226 habitabo
682 4151 720 4224 in
751 4147 869 4222 medio
894 4145 1121 4220 Hierusalem
1147 4157 1186 4221 et
1213 4147 1404 4220 vocabitur
1430 4146 1654 4222 Hierusalem
1680 4151 1811 4224 duitas

481 4265 644 4339 veritatis
657 4273 697 4336 st
713 4283 817 4334 mous
830 4259 967 4334 domini
978 4262 1205 4333 exercituum
1222 4281 1327 4331 mona
1345 4257 1604 4334 sunffificatua·
1622 4260 1705 4336 llec
1721 4263 1811 4338 dicit

482 4379 649 4452 dominus
679 4375 767 4448 deus
798 4373 1024 4447 exercituum
1051 4369 1183 4444 Adbuc
1207 4369 1426 4444 babitabant
1449 4369 1549 4446 senes
1577 4384 1619 4446 et
1650 4397 1741 4448 anua
1772 4377 1811 4450 in

480 4490 610 4586 plateis
627 4482 854 4562 Hierusalem
871 4495 911 4557 et
927 4484 993 4556 riri
1011 4483 1161 4557 baculus
1185 4485 1223 4557 iu
1247 4505 1359 4556 manu
1384 4485 1461 4558 eiua
1485 4505 1549 4580 pre
1574 4483 1811 4562 multitudine

481 4603 619 4676 dierum
644 4639 655 4658 ·
683 4597 734 4672 Et
759 4597 883 4694 platee
904 4597 1065 4670 ciuitatis
1089 4595 1369 4692 complebuntur
1394 4597 1589 4671 infantibus
1615 4607 1656 4672 et
1679 4597 1811 4694 puellis
