4526 5954
464 736 568 830 xva]
934 737 1326 813 Annnnonunsn
1739 745 1811 816 aro

464 933 643 1008 manualia
655 959 830 1034 campane
848 982 857 999 ·
875 941 922 1014 de
934 934 1119 1014 manfione
1134 939 1219 1012 diui
1231 935 1432 1010 Alexandri
1450 935 1594 1005 iacente
1611 934 1707 1005 infra
1720 936 1810 1006 eini-

463 1055 581 1120 tatem
607 1046 899 1126 Abirdonensem
925 1055 1021 1147 apud
1039 1073 1184 1125 emnem
1210 1073 1256 1121 ex
1281 1054 1385 1141 perte
1411 1043 1627 1116 occidentali
1645 1041 1808 1117 eiusdem

461 1181 546 1230 cnm
564 1160 691 1235 deoem
716 1162 838 1237 solidis
864 1167 902 1237 in
927 1166 1082 1259 panibus
1098 1160 1315 1256 pauperibus
1337 1151 1591 1228 distribuendis
1610 1166 1649 1228 et
1663 1157 1806 1228 duobus

462 1267 584 1346 solidis
598 1279 822 1368 procuratori
835 1275 1102 1370 capellanorum
1116 1293 1181 1365 pro
1199 1268 1380 1341 laboribus
1390 1264 1462 1338 suis
1485 1307 1494 1326 ·
1509 1269 1555 1340 de
1572 1269 1682 1341 certia
1699 1270 1806 1340 terris

464 1384 502 1453 in
521 1383 721 1482 Enrowrye
745 1387 948 1460 iacentibus
975 1384 1127 1455 nuncin
1144 1381 1310 1453 manibus
1333 1377 1513 1452 Jobannis
1537 1379 1803 1479 Ban3enocht·

465 1498 527 1588 qui
546 1495 639 1595 obijt
667 1499 684 1595 [
888 1494 905 1589 ]
925 1537 933 1554 ·

509 1719 656 1794 Vltimo
672 1720 898 1816 Septembris
919 1713 1202 1789 anniuersarium
1228 1738 1291 1810 pro
1308 1717 1430 1787 anima
1452 1711 1611 1810 magistri
1631 1714 1803 1787 Richardi

460 1829 618 1905 Forbell'
631 1833 721 1906 olim
738 1832 865 1904 decani
883 1825 1143 1901 Abirdonensrs
1168 1830 1232 1901 xix
1251 1831 1281 1900 ἔ.
1299 1828 1345 1900 de
1362 1827 1471 1900 certia
1489 1827 1594 1899 terris
1610 1836 1650 1898 et
1676 1827 1802 1900 orestis

459 1947 498 2016 in
524 1944 715 2039 Enrourye
728 1943 954 2015 iacentibus·
973 1944 1035 2036 qui
1048 1939 1141 2038 obijt
1152 1963 1246 2014 anno
1260 1939 1409 2012 Domini
1424 1959 1701 2012 moccenxxx.

684 2274 985 2348 Anmunnsrarr
1004 2295 1142 2349 nauare
1159 2275 1353 2351 Ocronnrs
1370 2297 1548 2349 ruunrrr
1565 2315 1574 2332 ·

499 2503 641 2587 Quarto
671 2498 840 2573 Ouobris
872 2497 1155 2572 anniuersarium
1189 2522 1253 2594 pro
1287 2503 1409 2574 anima
1434 2498 1593 2595 magistri
1621 2499 1801 2574 Jobannia

456 2613 635 2708 Myrtoun
654 2611 741 2683 olim
767 2611 914 2683 rebioris
940 2611 985 2682 de
1013 2609 1234 2706 Monymulk
1250 2613 1313 2704 xiij
1331 2613 1362 2684 ἓ.
1385 2609 1437 2708 iiij
1465 2609 1501 2683 d.
1528 2611 1574 2683 de
1599 2620 1697 2684 terre
1712 2611 1800 2684 olim

455 2723 609 2796 Dauidis
622 2722 771 2817 Kyntor
786 2746 884 2794 nunc
900 2722 1101 2794 Alexandri
1121 2723 1268 2818 Kyntor
1283 2725 1321 2794 in
1335 2725 1415 2795 vieo
1433 2720 1537 2796 castri
1555 2721 1800 2796 Abirdonensr

454 2859 501 2908 ex
519 2845 624 2929 parte
634 2834 771 2908 boreali
782 2831 941 2907 eiusdem
957 2875 967 2892 ·
985 2837 1047 2928 qui
1064 2833 1157 2933 obijt
1176 2858 1271 2908 anno
1289 2835 1438 2908 Domini
1456 2855 1775 2909 moccenxxxrx.

505 2947 676 3020 Vnacnm
694 2944 937 3020 anniuersario
953 2944 1113 3043 magistri
1132 2947 1299 3022 Duncani
1319 2945 1474 3022 Soberor
1489 2948 1576 3019 olim
1595 2950 1743 3021 roboria
1754 2951 1800 3022 do

453 3058 540 3132 Clat
556 3056 621 3156 xiij
641 3061 670 3132 ἓ.
688 3061 739 3153 iiij
758 3056 794 3130 d.
813 3060 859 3131 de
876 3068 972 3132 terra
984 3068 1024 3130 et
1040 3061 1355 3153 oroltiaquondam
1370 3059 1537 3132 Villelmi
1550 3059 1699 3155 Kyntor
1716 3061 1800 3132 bur·

452 3166 573 3266 gensis
590 3171 636 3243 de
652 3169 819 3243 Abirden
836 3192 907 3264 que
924 3181 1022 3242 terra
1036 3194 1134 3244 nuno
1151 3181 1350 3268 occupatur
1364 3195 1431 3265 per
1446 3168 1657 3267 magistrum
1676 3171 1797 3245 Dauid

454 3281 653 3356 Nicolson·
671 3279 888 3376 suommque
904 3282 1080 3354 heredum
1095 3321 1105 3340 ·
1122 3286 1184 3378 qui
1201 3284 1291 3378 obijt
1307 3306 1403 3356 anno
1422 3281 1572 3357 Domini
1590 3305 1731 3357 monn.

505 3505 642 3603 [Sexto
659 3504 828 3579 Oilobria
844 3504 1126 3579 anniuersarium
1144 3530 1208 3602 pro
1224 3509 1347 3581 anima
1371 3507 1585 3580 venerabilis
1603 3521 1642 3580 ot
1660 3513 1795 3607 egregij

452 3620 519 3689 viri
544 3616 703 3714 magistri
732 3616 947 3690 Allexondri
972 3617 1160 3713 Galloway
1186 3621 1331 3692 relaorio
1358 3643 1381 3691 a
1408 3617 1572 3713 Kynkell
1590 3657 1599 3676 ·
1615 3623 1677 3714 qui
1704 3623 1796 3716 obijt

452 3752 548 3802 anno
567 3729 717 3803 Domini
736 3726 904 3823 u.o.n11.]

504 3949 692 4050 Vigesrmo
709 3955 837 4047 quinto
854 3951 1021 4026 Onobris
1036 3950 1318 4027 anniuersarium
1334 3978 1400 4050 pro
1416 3954 1537 4027 anima
1553 3957 1744 4031 reuerendi
1756 3961 1793 4032 in

452 4062 597 4138 Christo
614 4061 728 4160 putria¹
746 4063 913 4138 Villelmi
940 4063 1183 4163 Elpbinstoun
1209 4062 1365 4161 episcopi
1390 4064 1651 4141 Abirdonensrs
1674 4071 1737 4164 xrrj
1763 4073 1793 4144 ii.

450 4174 630 4250 soluendis
654 4199 719 4272 per
735 4187 1002 4271 procuratorem
1027 4199 1256 4252 communem
1282 4175 1567 4252 Abirdonensem
1585 4221 1594 4238 ·
1612 4183 1675 4274 qui
1701 4183 1793 4279 obijt

450 4312 547 4363 anno
562 4287 710 4361 Domini
728 4309 892 4364 u·o.x1v.

501 4508 689 4609 Vigefimo
715 4535 812 4584 nono
837 4509 1004 4586 ouantia
1022 4510 1301 4587 anniuersarium
1326 4537 1392 4609 pro
1416 4517 1537 4588 anima
1561 4516 1700 4590 domini
1726 4519 1792 4594 Jo-

450 4625 581 4700 bannis
610 4622 781 4697 Fentonn
809 4623 985 4716 capellani
1013 4625 1097 4698 diui
1128 4625 1226 4698 chori
1243 4665 1251 4684 ·
1268 4628 1380 4722 xxxvj
1407 4628 1437 4700 ἔ.
1465 4627 1525 4721 viij
1553 4625 1589 4699 d.
1617 4629 1665 4704 de
1695 4642 1794 4708 terra
