4526 5954
504 762 607 857 xva]
973 769 1376 845 annnnonnnsa.
1774 783 1841 846 aar

746 1076 872 1157 Fama
886 1105 1009 1157 saxna
1033 1125 1042 1144 ·
1069 1082 1216 1158 Lacrro
1234 1081 1341 1154 Isara
1361 1101 1589 1154 raornnrn·

548 1299 631 1376 lieo
643 1306 733 1379 dicit
749 1308 916 1381 dominns
932 1305 1034 1379 Deua
1052 1307 1293 1401 egredietur
1307 1306 1403 1399 virga
1415 1305 1461 1376 do
1477 1303 1598 1376 radice
1611 1297 1702 1375 Ieile
1719 1316 1759 1375 et
1773 1304 1838 1378 flos

497 1414 681 1490 deradice
706 1421 784 1491 eius
801 1416 969 1492 ascendet
986 1457 996 1474 ·
1026 1428 1064 1490 et
1090 1413 1291 1510 requiescet
1315 1412 1418 1510 super
1434 1438 1518 1487 eom
1534 1411 1677 1508 spiritus
1699 1415 1837 1488 domini

495 1523 639 1621 spiritus
652 1526 826 1624 sapientie
842 1540 881 1603 et
907 1527 1114 1602 intellectus
1132 1525 1275 1619 spiritus
1293 1524 1427 1620 confilij
1439 1536 1478 1600 et
1494 1527 1719 1599 fortitudinis
1737 1525 1838 1621 spiri-

493 1647 553 1712 tus
580 1639 729 1714 scientie
752 1652 792 1714 et
815 1642 963 1736 pietatis
989 1650 1029 1710 et
1052 1636 1208 1731 replebit
1225 1662 1310 1710 eum
1338 1638 1479 1735 spiritua
1502 1640 1642 1711 timoris
1667 1639 1833 1711 domini·

493 1749 532 1821 N
533 1775 582 1823 on
599 1750 796 1826 secundum
808 1747 980 1824 v'iiionem
998 1748 1183 1821 oculorum
1202 1751 1374 1824 iudicabit
1391 1775 1508 1846 neque
1525 1750 1722 1823 secundum
1734 1753 1836 1824 audi·

493 1873 573 1934 tum
598 1867 741 1937 aurium
765 1871 893 1959 arguet
922 1902 932 1919 ·
955 1858 1015 1934 sed
1034 1861 1208 1933 indicabit
1225 1863 1263 1933 in
1282 1861 1420 1937 iusticia
1443 1883 1620 1959 pauperes
1645 1875 1685 1936 et
1702 1876 1832 1961 arguet

491 1976 529 2046 in
555 1979 718 2068 equitate
734 1997 799 2068 pro
816 1971 1013 2044 mansuetis
1030 1983 1126 2044 terre
1145 2017 1153 2033 ·
1172 1985 1211 2045 et
1227 1979 1405 2069 percutiet
1423 1988 1554 2048 terram
1574 1977 1673 2071 uirga
1690 1979 1761 2048 oria
1779 1972 1832 2048 sui

490 2097 530 2158 et
540 2085 665 2181 spiritu
681 2086 859 2158 labiorum
872 2083 1016 2155 suorum
1034 2086 1228 2158 interficiet
1246 2089 1394 2182 impium
1413 2129 1422 2147 ·
1448 2089 1574 2160 eterit
1600 2084 1740 2161 iusticia
1757 2090 1833 2161 cin-

415 2207 420 2217 '
487 2197 615 2292 guium
634 2197 837 2268 lumborum
855 2199 935 2268 eius
950 2208 989 2268 et
1005 2197 1094 2268 fides
1112 2200 1321 2270 cinctorium
1339 2223 1464 2272 renum
1481 2201 1580 2271 ciue·

655 2531 831 2604 Sannaro
848 2530 1039 2616 Quanuon
1058 2551 1271 2605 rouronuu
1289 2570 1298 2589 ·
1316 2532 1418 2604 isara
1436 2555 1659 2609 rnorunrn·

537 2757 581 2828 In
607 2758 736 2829 diebus
761 2755 833 2828 illis
860 2755 1071 2829 clamabunt
1096 2756 1141 2828 ad
1168 2757 1353 2828 dominum
1382 2781 1404 2830 a
1437 2760 1529 2831 facie
1550 2759 1760 2832 tribulantis
1787 2773 1826 2833 et

485 2870 611 2942 mittet
635 2867 688 2941 eis
706 2865 921 2940 saluatorem
938 2878 978 2940 et
994 2880 1299 2964 propugnatorem
1316 2871 1376 2962 qui
1393 2869 1525 2961 liberet
1540 2893 1602 2943 eos
1614 2909 1624 2928 ·
1636 2882 1676 2945 et
1693 2897 1827 2968 eogno-

482 2981 604 3056 foetur
627 2980 795 3051 dominus
812 2981 858 3052 ab
876 2979 1010 3076 Egn'pto
1036 2993 1074 3052 et
1100 2977 1317 3076 cognoscent
1342 2979 1477 3077 Egiptij
1503 2983 1689 3054 dominum
1710 2985 1746 3054 in
1766 2985 1826 3056 die

482 3093 546 3167 illa
562 3102 601 3165 et
618 3091 742 3164 colent
758 3114 843 3164 eum
861 3095 899 3164 in
915 3087 1040 3186 hostiis
1052 3103 1092 3165 et
1110 3095 1317 3166 muneribus
1330 3107 1368 3166 et
1381 3107 1466 3168 vota
1477 3096 1662 3167 rouebunt
1676 3096 1824 3168 domino

482 3219 522 3280 et
540 3204 705 3277 soluerat·
726 3202 776 3276 Et
793 3206 976 3298 percutiet
1000 3206 1168 3278 dominus
1186 3205 1358 3300 Egiptum
1383 3206 1489 3303 plaga
1505 3216 1543 3278 et
1560 3204 1701 3279 sanabit
1718 3231 1798 3280 eam
1815 3249 1823 3265 ·

481 3329 520 3391 et
550 3325 783 3390 reuertentur
809 3314 946 3413 Egiptij
973 3317 1017 3388 ad
1044 3316 1232 3388 dominum
1258 3326 1296 3390 et
1321 3316 1520 3411 placabitur
1546 3319 1599 3389 eis
1623 3328 1662 3390 et
1680 3316 1822 3391 sanabit

480 3453 542 3504 eos
559 3431 728 3502 dominus
745 3430 835 3502 deuo
852 3425 994 3501 noster·

664 3766 889 3839 Paoruncra
906 3783 1080 3836 sacuam
1099 3802 1109 3820 ·
1129 3761 1272 3834 bacrio
1291 3761 1392 3833 isaia
1411 3782 1631 3836 raornnru·

527 3991 610 4066 Hec
634 3990 725 4062 dicit
749 3989 918 4062 dominus
948 4030 957 4048 ·
987 3985 1181 4059 beabitur
1205 3983 1343 4060 deserto
1372 3997 1411 4058 et
1436 3987 1537 4060 inuia
1565 3999 1604 4060 et
1634 3989 1815 4062 exultabit

474 4104 633 4178 solitudo
648 4112 690 4175 et
705 4101 849 4174 florebit
874 4093 970 4192 quasa
989 4097 1107 4171 lilium
1129 4137 1139 4155 ·
1158 4099 1364 4194 germinans
1380 4100 1599 4193 germinabit
1615 4112 1656 4173 ct
1672 4102 1817 4174 exulta·

474 4218 530 4291 bit
547 4213 745 4290 letabunda
761 4225 800 4285 et
817 4210 969 4284 laudans
995 4250 1005 4267 ·
1027 4210 1144 4306 gloria
1161 4209 1288 4283 Libani
1308 4211 1393 4284 data
1407 4205 1461 4284 cst
1477 4211 1512 4284 ci
1528 4211 1637 4284 decor
1653 4210 1813 4284 Carmeli

472 4343 512 4402 et
537 4327 655 4402 Saron
675 4363 686 4385 ·
707 4320 773 4418 ipii
791 4323 967 4397 videbunt
991 4322 1144 4420 gloriam
1161 4322 1296 4397 domini
1322 4333 1361 4394 et
1386 4321 1552 4396 decorem
1578 4321 1636 4394 dei
1665 4321 1777 4396 nostri
1803 4363 1813 4380 ·

472 4438 687 4514 confortate
715 4457 844 4509 manua
873 4431 1057 4509 dissolutas
1085 4445 1129 4508 ct
1166 4457 1286 4531 genua
1314 4433 1448 4509 debilia
1471 4433 1639 4507 roborate
1664 4476 1674 4495 ·
1700 4435 1814 4509 dicite

471 4547 709 4648 pusillanimis
737 4547 1001 4621 confortrmni
1033 4558 1072 4621 et
1109 4547 1225 4621 nolite
1253 4549 1382 4618 timere
1413 4587 1421 4606 ·
1455 4567 1541 4618 ecce
1566 4545 1660 4618 deuo
1694 4545 1818 4620 nostor

522 4681 607 4737 von
626 4682 666 4734 ιι.
1120 4669 1142 4733 9
1161 4681 1188 4732 ιι
