4590 5954
471 725 578 821 rur]
943 728 1350 805 aeunnounusu.
1801 739 1823 810 7

469 924 699 998 obseruatum
718 924 908 1002 statuimus
926 940 966 1002 vt
983 930 1138 1023 quilibet
1154 924 1316 999 nostrum
1334 929 1371 997 in
1389 925 1450 999 sua
1467 925 1605 1021 dyocesi
1624 928 1820 1023 diligenter

472 1035 669 1133 [inquirat]
688 1064 760 1133 quo
787 1044 864 1115 iure
882 1055 921 1114 et
938 1065 1010 1135 qua
1026 1041 1242 1114 auctoritate
1267 1040 1403 1110 fuerint
1429 1036 1629 1112 construbte
1648 1081 1656 1097 ·
1675 1040 1771 1132 quod
1793 1037 1818 1108 sr

469 1153 589 1222 minus
616 1153 879 1226 rationabiliter
901 1149 1104 1226 construdce
1122 1152 1257 1222 fuerint
1275 1149 1333 1221 vel
1351 1152 1461 1222 ctiam
1478 1154 1516 1222 in
1534 1151 1716 1244 posterum
1734 1174 1819 1223 con·

470 1262 652 1336 struantur
669 1263 864 1338 secundum
889 1262 1056 1337 instituta
1076 1264 1249 1335 canonica
1266 1257 1337 1333 sint
1355 1258 1518 1356 suspense
1535 1303 1544 1322 ·
1562 1261 1704 1357 prouiso
1721 1264 1817 1356 quod

470 1373 712 1471 cuiuscunque
733 1376 949 1450 austeritate
973 1370 1177 1446 constructe
1202 1374 1337 1446 suerint
1362 1373 1500 1468 capelle
1522 1397 1738 1467 quecunque
1764 1377 1818 1444 iu-

468 1488 685 1582 dempnitati
704 1493 741 1561 in
759 1485 926 1560 omnibus
951 1486 1111 1556 matricis
1133 1481 1282 1556 ecelefie
1300 1480 1347 1556 stc
1364 1483 1598 1578 prospiciatur
1616 1497 1656 1558 vt
1673 1486 1816 1558 nullum

469 1603 502 1672 ei
521 1602 757 1694 preiudicium
769 1607 986 1695 generetur·
1001 1619 1068 1668 nec
1082 1596 1128 1668 de
1140 1596 1385 1668 oblationibus
1397 1621 1419 1669 a
1433 1597 1668 1692 priuilegiatis
1681 1598 1815 1670 alicubi

467 1714 603 1806 aliquid
621 1715 817 1806 recipiatur
832 1704 896 1780 nili
912 1705 1018 1801 super
1032 1708 1101 1780 hoc
1120 1707 1350 1803 priuilegium
1368 1709 1545 1780 ordinario
1559 1705 1737 1782 sufficiens
1754 1731 1817 1779 ex-

468 1826 637 1898 hibentur
649 1865 657 1880 ·
671 1823 768 1916 quod
782 1817 808 1892 sr
823 1820 932 1912 aliqui
951 1822 1171 1892 contrarium
1191 1820 1344 1891 fecerint
1362 1819 1435 1915 ipso
1453 1822 1530 1893 iure
1547 1817 1617 1892 lint
1636 1817 1814 1914 suspensi·

471 2047 581 2122 VIII.
605 2047 666 2118 Ne
684 2039 783 2116 mille
800 2043 1029 2117 celebrentur
1047 2045 1082 2114 in
1102 2045 1254 2138 priuatis
1271 2044 1360 2116 locis
1377 2038 1451 2116 hnc
1469 2044 1618 2117 licentia
1634 2042 1814 2140 episcopi·

469 2272 563 2345 Item
591 2293 663 2341 non
688 2268 779 2340 nulli
807 2263 960 2364 religiosi
978 2278 1017 2340 et
1034 2271 1146 2341 etiam
1164 2268 1224 2360 alij
1243 2279 1318 2340 tam
1346 2265 1521 2342 seculares
1538 2292 1646 2363 quam
1673 2267 1817 2342 eccless-

468 2381 567 2457 astici
594 2384 630 2453 in
657 2382 808 2475 priuatis
835 2392 875 2454 et
904 2376 1101 2452 inhonestis
1125 2380 1212 2453 locis
1238 2377 1301 2453 fibi
1329 2381 1469 2454 iaciunt
1494 2383 1619 2454 diuina
1641 2381 1815 2455 celebrari

468 2497 579 2568 immo
595 2495 718 2588 potius
735 2495 772 2564 in
790 2490 998 2564 scandalum
1023 2493 1138 2563 totius
1163 2488 1313 2565 ecclesie
1339 2493 1552 2586 prophanari
1569 2494 1631 2566 rbi
1649 2494 1817 2587 frequen-

468 2611 541 2679 tius
564 2603 733 2700 spurcitie
760 2617 989 2698 peccatorum
1018 2604 1301 2674 committuntur
1323 2616 1363 2676 et
1390 2605 1558 2678 aalmalia
1586 2605 1694 2677 bruta
1718 2629 1817 2677 com·

468 2727 655 2790 morantur
671 2715 772 2788 nulla
789 2717 904 2809 petita
921 2715 1069 2787 lieentia
1086 2713 1145 2784 vel
1163 2725 1314 2807 optenta
1331 2738 1353 2787 a
1371 2713 1530 2786 locorum
1547 2716 1735 2808 ordinarijs
1753 2735 1816 2788 aut

467 2830 588 2922 aliqua
612 2829 829 2898 austeritate
857 2826 1053 2926 exhibita·
1075 2847 1147 2918 qua
1175 2836 1324 2920 propter
1347 2849 1394 2898 ne
1419 2826 1588 2900 decetero
1613 2826 1814 2900 huiusmodi

467 2943 556 3012 liant
573 2937 638 3010 sub
664 2961 758 3032 pena
783 2932 1018 3032 suspensionis
1036 2939 1073 3008 in
1091 2933 1258 3030 personas
1276 2951 1314 3010 et
1336 2937 1517 3010 interdicti
1536 2939 1572 3010 in
1591 2940 1717 3011 eadem
1738 2940 1817 3012 loca

467 3066 505 3125 et
530 3055 642 3124 ctiam
671 3052 1057 3122 excommunicationis
1083 3044 1109 3120 st
1136 3049 1261 3122 taliter
1285 3049 1538 3142 delinquentes
1565 3064 1816 3146 competenter

468 3166 596 3236 moniti
614 3164 660 3235 ab
677 3161 879 3235 huiusmodi
898 3159 1225 3257 presumptionibus
1243 3185 1315 3234 non
1334 3158 1537 3234 destiterint
1554 3163 1708 3235 firmiter
1726 3165 1816 3234 inhi-

467 3279 593 3348 hemus
612 3316 620 3332 ·
640 3275 805 3347 volentos
822 3284 860 3346 ct
877 3271 1078 3346 statuentes
1094 3273 1192 3365 quod
1209 3275 1364 3345 restores
1380 3271 1610 3347 ecclesiarum
1631 3275 1816 3367 parochia·

467 3391 553 3461 lium
582 3401 621 3460 ct
647 3389 769 3480 vicarij
796 3387 991 3459 earundem
1022 3409 1089 3458 nec
1119 3409 1193 3457 non
1225 3387 1336 3457 etiam
1367 3385 1587 3479 parochiales
1616 3383 1813 3481 presbytcri

466 3500 665 3572 huiuliuodi
694 3497 892 3572 sententias
917 3500 1133 3570 auctoritate
1159 3497 1303 3590 concilij
1323 3497 1468 3570 ualeant
1486 3499 1523 3570 in
1542 3495 1613 3570 suis
1638 3501 1814 3592 parochijs

467 3612 688 3686 exsecutioni
707 3611 832 3683 dehite
849 3610 1066 3682 demandare
1085 3651 1093 3668 ·

825 3832 896 3904 IX.
923 3833 981 3905 De
998 3831 1189 3906 honestate
1206 3833 1427 3907 Clericorum
1446 3875 1454 3892 ·

467 4061 672 4134 Statuimus
688 4060 800 4131 etiam
816 4059 912 4151 quod
930 4057 1093 4152 quelibet
1110 4053 1262 4131 ecclesia
1278 4056 1492 4152 parochialis
1507 4056 1610 4130 suum
1628 4061 1812 4154 proprium

465 4171 598 4245 habeat
622 4173 798 4243 restorem
823 4182 888 4242 aut
906 4171 1078 4242 vicarium
1096 4172 1158 4263 qui
1184 4169 1345 4242 debitam
1373 4193 1495 4243 curam
1521 4173 1721 4244 animarum
1749 4195 1814 4265 per

465 4283 502 4356 se
517 4294 583 4356 aut
607 4282 719 4355 alium
745 4283 925 4376 ydoneum
952 4277 1155 4353 ministrum
1174 4282 1220 4355 de
1238 4281 1386 4356 licentia
1409 4281 1461 4355 sui
1487 4282 1674 4378 dyocesani
1693 4282 1811 4354 calcat

465 4416 634 4469 exercere
651 4404 691 4467 et
708 4395 803 4487 quod
830 4394 939 4487 ijdem
967 4395 1139 4466 mundam
1157 4405 1197 4466 ct
1221 4391 1408 4468 honestam
1435 4395 1570 4470 ducant
1587 4397 1698 4468 vitam
1726 4395 1813 4467 alio-

464 4509 552 4602 quin
569 4507 742 4578 canonice
759 4501 967 4579 subiaceant
985 4505 1112 4578 sltioni
1133 4547 1141 4564 ·
