4612 5964
558 669 659 762 xva]
1033 670 1441 744 rlssaauouausn.
1874 691 1919 760 99

559 869 591 938 6.
621 865 778 940 Domino
796 871 946 943 Audree
964 868 1058 943 Rois
1066 873 1112 942 de
1131 867 1237 963 Oyne
1255 865 1422 940 srmiliter
1532 923 1540 939 .
1643 873 1730 964 xxvj
1750 870 1783 944 ll.
1805 877 1864 968 ciij
1879 876 1914 947 cl.

557 987 589 1051 7.
617 977 793 1072 Magistro
811 983 976 1055 Arthuro
995 979 1100 1054 Boiis
1109 983 1155 1052 do
1175 979 1366 1049 Murtlrlak
1529 1032 1536 1049 .
1639 984 1726 1075 xxvj
1746 980 1778 1054 fl.
1801 987 1860 1078 viij
1877 985 1913 1058 d.

751 1093 903 1166 Summa
921 1095 1029 1165 huius
1090 1145 1099 1162 .
1202 1143 1210 1158 .
1314 1140 1322 1156 .
1424 1140 1432 1157 .
1538 1093 1615 1185 xiiij
1636 1093 1697 1164 lib.

602 1311 650 1383 Et
669 1313 715 1388 sro
734 1313 843 1388 restat
862 1325 1006 1388 tantum
1029 1317 1082 1408 iiij
1101 1313 1163 1382 lib.
1184 1312 1220 1380 ix
1240 1305 1273 1378 ll.
1293 1308 1339 1378 de
1357 1309 1606 1400 prebendariis
1624 1313 1860 1411 infrascriptis

1126 1419 1324 1491 videlicet·

698 1537 756 1608 Do
771 1535 986 1608 Murclrtlak
1052 1583 1507 1604 ·····
1611 1538 1728 1627 xxxiij
1749 1539 1782 1607 p,
1803 1541 1851 1630 iiij
1872 1541 1905 1611 d.

697 1645 755 1719 De
772 1647 974 1719 Kineardin
1609 1648 1672 1738 xiij
1692 1643 1725 1717 ll.
1745 1651 1795 1741 iiij
1815 1649 1850 1719 d.

695 1756 754 1829 De
771 1757 877 1852 Oyne
934 1807 1502 1826 ······
1620 1758 1640 1796 ”
1820 1816 1827 1832 .

695 1867 962 1962 DoBanchory
1044 1917 1500 1936 .....
1617 1869 1637 1906 ·'
1681 1923 1689 1938 .
1819 1929 1825 1940 .

694 1978 853 2053 DeClat
1629 1981 1637 1996 ‘
1818 2039 1825 2052 .

694 2090 751 2161 De
769 2087 940 2162 Coldstan
1602 2092 1666 2183 xiij
1682 2092 1713 2162 ll.
1733 2095 1783 2186 iiij
1802 2093 1837 2165 d.

693 2199 750 2272 Dc
767 2201 968 2295 capellania
985 2200 1140 2295 episcopi
1160 2197 1363 2269 Alexandri
1491 2251 1499 2268 .
1601 2204 1638 2271 ix
1657 2197 1691 2272 ll.

545 2310 670 2384 Restat
698 2314 880 2384 facultatis
906 2314 991 2386 anni
1018 2303 1298 2405 quingentesrmi
1327 2307 1419 2380 sexti
1448 2331 1602 2382 runcum
1630 2310 1723 2384 rolla
1745 2317 1898 2388 duorum

542 2425 773 2494 diaconorum
791 2421 942 2518 singulis
958 2425 1063 2495 annis
1081 2418 1244 2512 utsupra
1368 2473 1376 2488 .
1481 2475 1489 2488 .
1594 2423 1654 2514 viij
1674 2422 1736 2494 lin.

542 2757 709 2830 l‘acultas
743 2755 902 2828 eiusdem
933 2753 1083 2828 ecclesie
1114 2777 1185 2845 quc
1214 2753 1258 2824 ad
1294 2749 1587 2824 distributionem
1619 2757 1754 2828 ‹lorraini
1785 2761 1893 2832 nostri

537 2867 689 2961 episcopi
717 2881 752 2938 ct
781 2867 831 2937 sni
850 2866 1002 2960 capituli
1021 2890 1092 2937 nou
1113 2863 1203 2934 lirlct
1230 2866 1414 2956 pertinere
1436 2865 1521 2956 quia
1539 2865 1583 2935 ad
1602 2865 1835 2942 resulcnciam
1859 2877 1891 2942 ia

536 2981 643 3050 clroro
672 2979 872 3051 faciendam
899 2977 1077 3072 capellani
1101 2975 1260 3048 ciusdem
1287 2971 1536 3070 astringuntur
1564 2979 1669 3050 iuxta
1695 2986 1891 3054 eorundem

538 3093 766 3162 fundationes
784 3129 792 3146 ·

538 3314 577 3384 ln
606 3315 729 3406 prinus
754 3353 762 3370 ·
786 3311 996 3405 Capellania
1017 3307 1195 3382 ll'esslrall
1218 3329 1325 3400 quam
1353 3309 1462 3380 lrabet¹
1487 3309 1658 3404 magister
1677 3313 1889 3386 willelmus

536 3425 690 3496 llolland
719 3425 922 3494 extendens
950 3422 995 3494 ad
1027 3423 1091 3514 xiij
1121 3421 1181 3490 tin.
1208 3421 1240 3510 rj
1269 3420 1301 3489 ll.
1328 3421 1387 3511 viij
1416 3416 1451 3490 d.
1479 3423 1540 3513 qui
1569 3423 1665 3493 horis
1693 3429 1888 3498 nlaioribus

533 3531 697 3606 iatcretlc
713 3536 823 3604 debet
841 3549 880 3604 ct
898 3535 944 3605 de
962 3533 1170 3604 corrnnunia
1222 3571 1229 3588 ·
1284 3571 1292 3588 ·
1344 3571 1352 3588 ·
1406 3571 1415 3589 ·
1469 3535 1711 3626 participare·

535 3645 699 3718 l'icarius
717 3644 827 3715 lianlti
848 3644 1017 3734 lllauricij
1037 3642 1232 3713 sectandum
1254 3641 1351 3712 suam
1370 3643 1622 3714 fundationem
1642 3685 1650 3702 ·

531 3758 693 3828 Clericus
714 3757 945 3849 perroclrialis
971 3753 1131 3826 cialilcm
1151 3753 1341 3823 dominicis
1359 3765 1396 3824 et
1416 3751 1515 3824 festis
1534 3753 1753 3848 processione
1775 3761 1884 3830 ianr-

530 3864 598 3938 csl‘e
615 3867 750 3938 debet·

529 3978 738 4071 capellania
754 3980 800 4049 dc
818 3977 973 4050 Galclrol
997 3999 1105 4069 (luam
1134 3973 1240 4044 lrabct
1260 3970 1431 4066 magister
1445 3973 1606 4046 Jacobns
1626 3977 1801 4074 Lindclay
1820 4008 1883 4052 cx·

530 4090 682 4162 temlcns
699 4089 743 4159 ad
765 4091 796 4180 vj
816 4090 879 4160 tin.
898 4091 960 4182 xiij
981 4090 1014 4158 ll.
1034 4088 1083 4178 iiij
1098 4083 1135 4156 d.
1155 4083 1221 4179 [de
1239 4083 1415 4156 facultate
1436 4085 1533 4156 clrnri
1552 4097 1590 4156 ct
1609 4111 1680 4160 nou
1700 4091 1828 4162 rclidct
1849 4091 1879 4186 ·]

528 4200 735 4294 Capellarrla
763 4200 899 4270 Murfie
924 4222 1032 4293 qnam
1063 4195 1173 4268 lrabet
1199 4191 1369 4288 magister
1397 4194 1585 4267 ll'alterus
1617 4199 1721 4271 Skall
1756 4205 1786 4292 vj
1819 4205 1879 4275 lili.

530 4312 587 4404 viij
608 4311 641 4380 ll.
660 4313 709 4403 iiij
727 4307 763 4381 d.
791 4313 896 4382 iuxta
914 4309 1165 4382 fundationem
1184 4302 1338 4377 residere
1358 4317 1505 4378 tenetur
1521 4323 1558 4378 ct
1578 4332 1650 4380 non
1670 4310 1798 4385 resnlct
1820 4357 1827 4372 ·

527 4421 735 4516 Capellania
762 4419 919 4516 magistri
937 4420 1117 4492 Jolrannis
1141 4417 1226 4489 Clat
1249 4439 1357 4509 quam
1376 4417 1487 4490 lrabet
1505 4417 1675 4515 magistcr
1690 4421 1879 4499 lohannes

526 4533 684 4626 Cuming
699 4534 903 4604 extendens
919 4533 964 4604 ad
984 4533 1029 4624 vij
1050 4530 1112 4601 tin.
1132 4529 1166 4621 vj
1184 4529 1217 4600 ll.
1236 4529 1296 4622 viij
1314 4525 1350 4598 d.
1371 4528 1428 4625 [ct
1448 4553 1520 4600 non
1548 4528 1675 4602 residet
1697 4531 1724 4625 ·]
