4590 5954
421 709 469 774 34
942 697 1251 772 REGISTRUM
1619 708 1773 804 [secum

421 911 543 972 tentes
569 911 609 972 vt
634 898 832 996 presbyteri
862 897 1098 992 parochianos
1124 893 1205 968 suos
1233 907 1397 990 tempore
1424 922 1582 996 congruo
1608 905 1653 975 ad
1682 903 1775 975 solu.

421 1015 558 1084 tionem
576 1013 799 1084 decimarum
816 1018 856 1082 et
873 1010 1008 1082 iuriam
1025 1008 1179 1082 aliorum
1207 1030 1270 1102 per
1293 1006 1477 1080 censuram
1498 1008 1773 1086 ecclesiasticam

422 1125 538 1216 prims
554 1125 694 1195 ratione
712 1119 935 1214 compellant
951 1161 961 1180 ·

423 1342 630 1417 LXXVII.
657 1343 1009 1417 Excommunicandi
1034 1341 1120 1416 sunt
1145 1344 1206 1437 qui
1237 1340 1431 1436 prohibent
1461 1337 1541 1412 suos
1571 1364 1618 1413 ne
1648 1355 1773 1416 emant

423 1455 582 1526 decimas
599 1493 608 1510 ·

425 1675 521 1748 Item
539 1675 764 1769 quomndam
782 1675 901 1748 relatu
918 1673 1022 1746 nobis
1040 1675 1202 1746 iunotuit
1219 1674 1477 1768 quodquidam
1495 1673 1633 1744 domini
1651 1673 1772 1746 leodo-

339 1807 342 1816 ’
424 1811 504 1858 mm
531 1787 695 1858 homines
720 1784 785 1858 sub
811 1785 847 1857 se
872 1796 1063 1858 manentes
1086 1808 1109 1857 a
1131 1787 1336 1857 aecensus
1362 1781 1590 1858 ecclesiarum
1614 1784 1773 1857 decimas

424 1921 546 1970 emere
571 1919 646 1969 uon
670 1897 886 1990 permittent
911 1917 995 1966 cum
1021 1917 1083 1966 ess
1108 1905 1274 1988 oporteat
1299 1895 1456 1968 rendere
1482 1893 1540 1967 uel
1566 1917 1701 1989 ponere
1726 1897 1770 1967 ad

424 2008 565 2078 lituram
583 2017 622 2077 et
645 2007 681 2076 in
700 2005 789 2076 locis
808 2000 1030 2075 filuestribus
1054 2006 1204 2075 remotis
1229 2005 1350 2102 colligi
1374 2019 1557 2098 nequeant
1574 2007 1621 2078 ab
1638 2005 1770 2078 eisdem

424 2117 493 2188 hoc
511 2116 558 2188 de
575 2127 696 2188 cetero
722 2114 839 2184 modis
864 2113 1032 2184 omnibus
1049 2113 1126 2183 fieri
1151 2113 1382 2205 prohibemus
1399 2115 1635 2188 decernentes
1653 2125 1694 2188 vt
1710 2119 1770 2209 qui

424 2225 514 2298 talia
538 2220 781 2296 commiserint
803 2220 1061 2294 srcommouiti
1089 2243 1161 2291 non
1187 2219 1393 2296 destiterint
1416 2249 1437 2296 u
1460 2224 1531 2298 suis
1556 2224 1771 2321 presbyteris

423 2335 809 2408 excommunicationis
827 2329 1011 2404 sentencia
1028 2331 1272 2426 percellantur
1289 2373 1297 2390 ·

732 2551 963 2628 LXXVIII.
989 2550 1049 2625 De
1067 2551 1186 2624 locuto
1203 2566 1242 2625 ct
1260 2553 1462 2624 condutto·

424 2781 522 2853 Item
538 2779 691 2850 firmiter
715 2776 948 2872 prohibemus
965 2797 1013 2847 ne
1029 2775 1076 2847 dc
1093 2785 1216 2848 cetero
1233 2777 1279 2848 ad
1297 2775 1435 2847 sinnam
1461 2773 1610 2849 ecclesie
1631 2779 1770 2850 conser-

421 2901 532 2964 untur
549 2883 613 2961 ulli
632 2887 677 2960 de
694 2887 920 2959 consciencia
936 2883 1091 2979 episcopi
1109 2897 1149 2958 et
1165 2886 1405 2960 archidiaconi
1423 2887 1488 2959 liat
1505 2891 1705 2961 conucncio
1722 2913 1768 2962 ex

421 3023 493 3094 qua
526 2999 681 3093 plurime
716 2997 823 3068 litere
856 2994 1129 3068 conscribuntur
1157 3020 1309 3088 quarum
1341 3019 1410 3068 rus
1439 3011 1624 3072 remaneat
1657 3023 1769 3095 penes

421 3107 541 3206 ipsos·
562 3107 659 3180 Itcm
678 3107 855 3178 linuarius
880 3101 1031 3177 ecclesie
1048 3129 1128 3178 eam
1145 3107 1206 3198 alij
1225 3130 1298 3176 non
1325 3107 1444 3178 tradat
1461 3107 1506 3179 ad
1523 3111 1663 3182 firmam
1684 3134 1768 3183 cum

421 3221 624 3316 negociatio
655 3218 811 3310 quedam
842 3215 1009 3287 videatur
1038 3215 1103 3286 sub
1132 3226 1286 3311 optentu
1318 3215 1484 3290 secularis
1518 3221 1698 3292 commodi
1729 3235 1768 3294 ct

421 3331 625 3426 negociatio
642 3327 782 3402 clericis
799 3322 845 3398 sit
864 3329 1009 3419 penitus
1026 3327 1218 3398 interdiiln
1237 3369 1245 3385 ·

515 3547 699 3623 LXXIX.
727 3547 834 3632 Quod
853 3548 1011 3620 redtorcs
1028 3549 1242 3621 ordinentur
1259 3563 1296 3620 ct
1315 3547 1468 3621 seruiunt
1488 3548 1646 3645 ecclcsrjs
1665 3593 1673 3610 ·

421 3775 516 3848 ltem
543 3770 778 3866 irrefragabili
806 3766 1067 3844 constitutione
1087 3767 1265 3844 sancimus
1291 3786 1328 3842 ut
1355 3775 1509 3842 recures
1533 3771 1764 3848 ecclesiarum

417 3887 461 3958 ad
481 3885 616 3980 prImos
628 3883 774 3954 ordines
788 3882 937 3954 veniunt
949 3883 1138 3956 ordinandi
1158 3884 1209 3954 ita
1222 3883 1316 3974 quod
1331 3903 1438 3974 quam
1453 3883 1527 3954 cito
1540 3884 1615 3956 lieri
1630 3890 1766 3980 poterit

416 3994 608 4068 commode
632 3993 848 4064 ordinentur
873 4031 882 4050 ·
909 3992 983 4077 Qui
1013 3992 1253 4087 parochialem
1285 3993 1395 4064 habet
1421 3989 1607 4066 ecclesiam
1632 3999 1763 4070 omodo

417 4102 658 4201 perseipsum
685 4100 739 4173 illi
766 4098 947 4174 deseruiat
965 4105 1003 4176 in
1020 4105 1146 4176 ordine
1163 4125 1271 4196 quem
1297 4099 1405 4198 ipsus
1430 4103 1578 4178 ecclesie
1603 4131 1689 4180 cura
1710 4133 1765 4182 re·

415 4217 528 4311 quirit
544 4209 609 4286 nist
628 4213 728 4307 prius
745 4213 782 4284 in
800 4213 928 4284 eadem
949 4215 1123 4286 uicarium
1146 4212 1313 4286 habuerit
1334 4217 1505 4288 canonice
1529 4215 1734 4291 institutum
1753 4263 1762 4280 ·

414 4329 487 4414 Qui
506 4347 592 4397 uero
609 4345 655 4395 ex
674 4319 939 4416 dispensatione
956 4323 1079 4416 plures
1096 4319 1263 4398 ecclesias
1281 4325 1445 4397 liubuerit
1462 4329 1684 4420 parochiales
1703 4335 1763 4404 sni

414 4457 539 4510 eonsm
560 4430 740 4507 desemint
764 4430 915 4526 ydoneis
940 4445 979 4506 et
1005 4435 1190 4529 perpetuis
1208 4437 1348 4528 vicarijs
1370 4437 1407 4508 iu
1425 4437 1504 4530 alijs
1529 4437 1761 4515 constitutis·

416 4548 461 4621 Et
489 4548 551 4640 qui
578 4567 646 4616 nec
672 4543 843 4616 sicarium
871 4541 1041 4618 habuerit
1070 4567 1139 4618 nec
1166 4543 1319 4618 resulcre
1341 4545 1496 4620 soluerit
1522 4549 1585 4622 illa
1611 4550 1648 4624 se
1673 4551 1760 4626 scint
