4612 5964
498 721 586 816 xa]
978 726 1386 802 annnnonnnsn.
1811 737 1857 800 aa

497 920 627 990 chorus
656 932 821 996 mutatur
851 967 859 984 ·
886 925 983 998 Item
1010 952 1032 998 a
1055 949 1146 998 cena
1173 926 1310 996 domini
1341 919 1452 1012 nsque
1478 923 1522 993 ad
1550 925 1695 995 odauaa
1725 921 1855 1015 pasche

496 1035 655 1103 variatur
671 1035 801 1109 chorus
819 1062 885 1133 per
901 1034 1059 1134 singulos
1077 1039 1154 1109 dies
1182 1039 1336 1106 rettores
1355 1043 1479 1104 tamen
1502 1034 1746 1127 ebdomadarij
1766 1049 1852 1107 aute

495 1143 590 1212 diem
612 1167 684 1216 nou
711 1161 930 1222 mutantur·
949 1151 1048 1221 adie
1071 1159 1195 1218 antem
1223 1144 1352 1239 pasche
1381 1141 1489 1237 nsque
1514 1146 1559 1216 ad
1589 1145 1734 1218 ottauas
1762 1145 1853 1216 eius-

495 1254 577 1325 dem
597 1253 745 1352 smgnlis
762 1262 890 1334 diebus
909 1263 1094 1333 variantur
1111 1299 1120 1314 ·
1139 1255 1258 1328 Simili
1278 1277 1423 1346 quoque
1451 1257 1560 1326 modo
1585 1254 1797 1329 obserantur
1814 1261 1849 1329 in

494 1366 695 1442 ebdomada
711 1371 965 1464 penthecostes
983 1370 1093 1462 nsque
1111 1368 1156 1438 ad
1175 1367 1271 1436 diem
1290 1362 1411 1437 limite
1430 1369 1605 1439 trinitatis
1624 1409 1632 1426 ·

706 1593 764 1665 De
781 1590 958 1665 diuisione
976 1587 1146 1663 loliorum
1171 1584 1320 1660 eeclesia
1338 1588 1636 1662 Abcrdonansrs·

995 1765 1417 1878 &mmmmm-¹

491 2261 572 2333 lieo
602 2261 685 2333 sunt
717 2258 883 2335 utensilia
912 2263 1133 2334 dimittenda
1162 2285 1183 2330 a
1215 2260 1459 2352 predecessore
1489 2259 1675 2334 successori
1711 2263 1775 2335 suo
1806 2269 1842 2336 in

488 2371 638 2446 eeclesia
657 2370 907 2446 Abordonensr
935 2375 1006 2445 rite
1023 2384 1060 2443 et
1080 2373 1253 2443 canonice
1277 2374 1430 2444 intranti
1450 2385 1488 2445 et
1515 2375 1683 2446 omnibus
1708 2377 1845 2448 beneti-

487 2487 591 2557 oiatie
608 2509 674 2580 per
689 2487 843 2558 eandem
863 2526 872 2544 ·

380 2783 385 2793 ,
490 2685 541 2780 In
561 2711 684 2801 primis
703 2711 738 2778 in
757 2707 840 2779 nula
858 2707 968 2777 debet
987 2706 1173 2776 dimittere
1189 2727 1295 2775 ruam
1316 2705 1481 2776 tabulam
1501 2703 1737 2780 sufficientem
1757 2735 1842 2781 cnm

485 2817 646 2891 tristellia
664 2859 674 2876 ·
692 2843 799 2891 unam
826 2817 972 2911 peluem
992 2840 1075 2888 eum
1099 2817 1241 2888 lauacm
1260 2857 1269 2872 ·
1290 2837 1396 2888 mam
1426 2839 1593 2911 mappam
1613 2843 1696 2892 curn
1716 2844 1843 2894 manu-

485 2930 601 3023 tergio
618 2968 627 2983 ·
646 2952 756 2999 vnum
775 2927 917 3000 coclear
943 2939 1155 3021 argenteum
1177 2971 1185 2986 ·
1204 2929 1350 3020 ciplnrnr
1371 2951 1453 2998 cunr
1473 2934 1698 3023 coopertorio
1715 2971 1725 2988 ·

486 3040 528 3110 ln
555 3063 697 3111 camera
712 3062 822 3111 vnum
848 3037 879 3110 le
903 3037 1024 3112 coacte
1041 3078 1049 3094 ·
1067 3041 1333 3130 coopertorium
1354 3039 1436 3110 leni
1464 3064 1546 3112 cum
1571 3045 1692 3136 capite
1709 3048 1841 3117 corres-

483 3153 693 3244 pandente·
715 3175 823 3222 vnum
843 3173 908 3246 par
925 3150 1204 3222 liutlreaminum
1224 3163 1262 3220 et
1280 3151 1372 3221 dnos
1391 3151 1527 3223 lodices
1545 3189 1554 3207 ·

484 3263 527 3334 ln
547 3266 700 3356 coquina
715 3287 821 3334 unam
840 3261 949 3335 ollam
969 3285 1088 3333 ercam
1104 3299 1112 3316 ·
1129 3284 1232 3332 unam
1254 3261 1426 3354 patellam
1444 3259 1680 3336 sufficientem
1700 3308 1707 3324 ·
1729 3290 1837 3338 urium

483 3377 693 3446 mortarium
720 3398 803 3445 cum
830 3370 982 3468 pestello
999 3412 1009 3429 ·
1028 3397 1133 3444 vnum
1153 3374 1345 3444 cathenam
1365 3396 1437 3465 que
1454 3374 1590 3445 dieitur
1610 3373 1838 3450 Kelilcrrdre·

482 3482 702 3579 parapsidem
715 3525 723 3541 ·
735 3485 871 3557 discum
885 3525 893 3542 ·
907 3485 1054 3556 dublar·
1066 3499 1103 3556 et
1116 3483 1291 3555 savior-et
1303 3505 1415 3553 vnurn
1429 3507 1516 3556 veru
1528 3509 1610 3557 cum
1625 3488 1838 3582 larndyrnc·

483 3597 526 3668 ln
546 3595 685 3668 lirasrua
707 3621 816 3667 urium
835 3595 1025 3690 plumbum
1041 3619 1122 3667 curn
1142 3618 1259 3688 cuppa
1276 3617 1348 3687 que
1366 3595 1500 3667 dicitur
1517 3593 1672 3694 Mossule
1692 3600 1750 3670 rel
1768 3603 1840 3672 enl-

481 3709 618 3781 darium
638 3749 646 3766 ·
666 3726 704 3780 et
721 3707 861 3802 algeam
886 3729 958 3798 quo
976 3707 1111 3778 dieitur
1126 3704 1157 3777 le
1172 3703 1283 3777 nocet
1302 3745 1310 3762 ·
1326 3727 1350 3776 α
1363 3703 1511 3803 yplesot
1528 3746 1537 3763 ·
1556 3709 1653 3804 oso·
1672 3735 1693 3780 n
1709 3709 1817 3783 bur-cll
1830 3754 1839 3771 .

481 3818 532 3890 Et
549 3822 616 3892 lrec
635 3815 801 3891 utensilia
817 3818 1059 3912 appreeiunda
1071 3816 1154 3888 suut
1168 3814 1366 3890 seeundum
1383 3817 1541 3890 valorem
1556 3819 1722 3916 bcnelieij
1742 3825 1839 3896 virle·

481 3931 566 4004 lieet
584 3932 630 4002 de
647 3931 811 4023 qualibet
830 3930 921 4002 libra
938 3926 1090 4000 solidum
1114 3923 1289 4022 premissis
1306 3929 1564 4001 deficientibus
1581 3969 1589 3986 ·

479 4265 716 4338 Confirmatio
732 4265 871 4336 Tlrome
889 4264 1045 4359 episcopi
1066 4260 1172 4358 super
1188 4264 1445 4335 communibus
1462 4261 1635 4360 eecleffijs
1652 4305 1660 4322 ·

482 4467 677 4564 Vniuersrs
694 4487 814 4560 lande
832 4489 959 4560 matris
976 4482 1127 4560 ecclesie
1144 4483 1228 4578 lilijs
1245 4483 1289 4556 ud
1309 4505 1464 4575 quorum
1482 4490 1636 4562 noticias
1652 4490 1837 4586 presentes

479 4604 602 4677 littere
619 4601 853 4696 peruenerint
870 4599 1028 4672 Thomas
1048 4597 1117 4670 Dei
1136 4608 1175 4668 et
1191 4591 1389 4690 apostolice
1406 4594 1499 4670 sedis
1515 4602 1634 4695 gratia
1651 4600 1837 4700 episcopua
