4526 5954
804 1911 1026 2010 mutuli
1063 1913 1468 2013 enudationem.

467 2365 623 2440 Rentnle
650 2361 795 2457 bursarij
825 2364 965 2434 fundati
995 2364 1034 2434 in
1044 2364 1215 2548 Βοοῗῐοςὶο
1248 2389 1312 2458 per
1345 2363 1548 2462 magistrum
1580 2368 1798 2440 Duncunum

1118 2497 1196 2547 erar
1209 2517 1217 2532 ·

467 2683 520 2780 ln
546 2705 671 2800 primis
696 2704 742 2773 de
767 2702 870 2772 terrie
888 2697 1037 2770 Henrici
1054 2697 1211 2770 Chumer
1235 2701 1272 2770 in
1299 2701 1411 2796 burgo
1436 2701 1482 2772 de
1506 2699 1640 2773 Kintor
1664 2703 1741 2801 xiiij
1767 2683 1796 2778 ἔ.

462 2826 571 2915 prout
592 2812 758 2910 sequitur.
783 2812 952 2885 videlieet
987 2832 1097 2882 vnum
1130 2833 1291 2883 annuum
1317 2812 1497 2884 redditum
1523 2835 1545 2882 v
1571 2815 1600 2886 i.
1634 2817 1679 2886 de
1701 2830 1798 2890 terre

462 2929 601 3002 Thome
627 2925 762 2998 Affrais
788 2924 823 2997 le
853 2923 950 2995 Perk
980 2933 1106 2995 vocate
1135 2923 1276 2996 iacente
1305 2925 1397 2996 infru
1408 2923 1562 3021 burgum
1589 2926 1634 2999 de
1660 2927 1797 3002 Kintor

462 3067 508 3114 ex
535 3039 662 3114 boriali
686 3049 789 3133 purte
815 3032 971 3108 eiusdem
999 3036 1103 3130 burgi
1128 3036 1226 3108 inter
1245 3047 1376 3109 terrum
1401 3037 1577 3111 Jouannis
1602 3038 1725 3114 Smurt
1748 3067 1794 3114 ex

461 3150 631 3225 orientali
660 3161 700 3224 et
728 3148 847 3222 lacum
872 3170 919 3220 ex
943 3145 1155 3220 occidentali
1176 3186 1185 3205 ·
1206 3145 1256 3219 Et
1284 3169 1392 3220 vnum
1420 3172 1581 3222 annuum
1610 3152 1794 3225 redditum

459 3290 482 3336 v
509 3267 540 3339 ἔ.
567 3266 613 3337 de
638 3263 777 3335 duabus
807 3262 989 3354 perticetis
1014 3270 1110 3331 terre
1135 3258 1221 3331 diui
1240 3257 1416 3332 Johanni·
1443 3259 1565 3334 Smurt
1590 3263 1792 3337 iacentibus

460 3402 507 3451 ex
528 3373 674 3449 australi
695 3381 797 3467 purte
823 3369 982 3443 eiusdem
1005 3371 1108 3466 burgi
1131 3373 1228 3444 inter
1252 3381 1384 3444 terrum
1411 3372 1582 3445 heredum
1610 3377 1791 3467 quondum

458 3489 636 3561 Jouannu
655 3484 789 3557 Forbes
814 3507 861 3556 ex
887 3481 1052 3555 orientali
1078 3493 1116 3555 et
1141 3494 1274 3556 terram
1300 3484 1384 3556 diui
1400 3484 1576 3557 Johunuie
1599 3484 1721 3560 Smurt
1744 3512 1791 3561 ex

458 3597 674 3674 occidentali
713 3635 721 3652 ·
752 3594 803 3667 Et
830 3617 940 3667 vnum
973 3616 1134 3666 aunuum
1163 3595 1343 3667 redditum
1378 3596 1429 3689 iiij
1463 3598 1492 3669 ἔ.
1520 3597 1566 3668 de
1594 3599 1693 3671 rudie
1716 3596 1790 3673 srue

458 3711 645 3807 perticetis
672 3720 767 3780 terre
804 3707 932 3802 presuti
967 3702 1145 3778 Johennie
1180 3704 1302 3778 Smurt
1332 3708 1531 3780 iacentibus
1565 3733 1610 3780 ex
1645 3707 1790 3785 australi

457 3835 560 3920 purte
576 3820 736 3895 eiusdem
755 3819 859 3914 burgi
877 3821 972 3890 inter
984 3827 1115 3890 terrum
1132 3816 1158 3890 J
1160 3817 1309 3891 ohannis
1326 3817 1474 3912 Dennye
1491 3841 1537 3892 ex
1554 3823 1790 3896 occidentali·

457 3932 608 4030 Insuper
632 3931 729 4004 idem
756 3931 936 4004 Heuricue
960 3929 1061 4001 dedit
1083 3924 1325 4023 possessionem
1341 3939 1380 4002 et
1396 3926 1543 4004 susinum
1569 3931 1718 4007 ecclesie
1744 3937 1790 4008 de

456 4049 566 4122 certis
582 4043 664 4142 nlije
681 4045 786 4116 terrie
803 4040 867 4115 fibi
885 4041 1149 4137 pertinentibus
1165 4064 1230 4136 pro
1247 4041 1350 4116 dietis
1374 4045 1646 4136 quatuordecim
1669 4044 1789 4121 solidis

455 4173 495 4233 et
511 4154 664 4253 desuper
679 4167 814 4229 eertum
832 4154 929 4226 suern
946 4177 1029 4227 cum
1048 4147 1162 4248 sigillo
1177 4161 1217 4225 'et
1233 4175 1316 4226 eum
1334 4149 1448 4250 sigillo
1471 4154 1596 4228 bellini
1612 4180 1678 4252 pro
1695 4171 1789 4232 tem-

454 4295 540 4367 pore
557 4271 595 4343 in
613 4265 803 4364 specialem
823 4278 1027 4340 venantum
1049 4263 1226 4338 diuorum
1249 4288 1450 4339 annuorum
1469 4267 1676 4340 reddituum
1699 4294 1788 4365 que·

454 4382 656 4458 tuordeuim
675 4376 867 4452 solidorum
893 4387 1000 4474 prout
1027 4377 1138 4452 lucius
1165 4377 1203 4449 in
1231 4388 1330 4450 curta
1357 4373 1419 4450 suu
1446 4375 1598 4473 desuper
1624 4384 1787 4458 eonfede

452 4496 662 4570 continetur
687 4531 696 4550 ·
723 4489 771 4563 Et
801 4513 911 4563 vnum
934 4513 1093 4566 uunumn
1117 4488 1298 4562 redditum
1321 4489 1359 4584 iij
1387 4491 1416 4563 i.
1435 4490 1480 4563 de
1502 4501 1658 4583 quatuor
1675 4498 1787 4590 perti·

452 4610 544 4682 entis
555 4618 731 4680 temmm
752 4601 929 4674 Willelmi
946 4600 1146 4675 'lirumsone
1164 4601 1257 4674 infru
1272 4596 1576 4698 diuum'burgum
1593 4627 1640 4677 ex
1659 4605 1784 4681 boriali
