4526 5954
463 702 564 797 xva]
932 703 1339 780 ABERDONENSE.
1737 713 1811 784 947

459 903 660 998 prinoipem
687 902 869 980 Dauidem
909 905 1104 979 Scotorum
1130 929 1254 1002 regem
1280 929 1327 977 ex
1354 903 1538 976 Macolmo
1565 902 1739 976 Canmoir
1767 916 1806 976 et

460 1011 663 1111 Margarita
686 1019 765 1091 eius
795 1014 1010 1092 sandislima
1034 1020 1191 1112 coniuge
1215 1018 1381 1111 genitum
1408 1015 1453 1087 ad
1470 1013 1717 1086 Aberdoniam
1744 1014 1805 1086 seu

458 1134 563 1199 vetus
602 1130 777 1224 oppidum
815 1127 976 1204 eiusdem
1012 1125 1207 1200 transsatus
1245 1124 1300 1198 est
1339 1148 1434 1198 anno
1475 1123 1648 1198 salutiferi
1679 1145 1805 1219 partus

457 1241 587 1331 quinto
612 1249 651 1314 et
679 1238 850 1340 vigesimo
876 1239 982 1334 supra
1006 1234 1244 1310 centesimum
1271 1249 1311 1309 et
1336 1233 1550 1310 milesimum
1577 1279 1586 1296 ·
1615 1237 1804 1310 Nedanus

457 1349 669 1426 Aberdonie
685 1355 824 1447 primus
840 1351 1016 1446 populum
1034 1351 1158 1419 rexit·
1184 1372 1228 1420 eo
1246 1349 1418 1423 defundlo
1437 1352 1473 1420 in
1491 1353 1568 1422 eius
1585 1349 1706 1422 locum
1731 1349 1805 1421 Ed-

456 1466 590 1538 nardns
606 1477 750 1540 oreatus
768 1461 822 1538 est
841 1461 1018 1535 secundus
1044 1499 1053 1516 ·
1081 1459 1140 1532 bio
1165 1462 1356 1554 primasio
1378 1485 1421 1534 eo
1447 1462 1585 1556 templo
1611 1464 1803 1534 canonicos

456 1573 616 1650 instituit
638 1578 735 1672 quod
753 1575 939 1647 Adrianus
962 1581 1113 1664 quartus
1139 1573 1308 1676 pontifex
1327 1573 1514 1647 Romanus
1537 1585 1654 1647 ratum
1673 1573 1802 1646 habuit

456 1692 517 1782 qui
536 1691 582 1762 ab
599 1689 748 1763 exordio
774 1681 977 1758 Christiane
1003 1680 1188 1777 religionis
1215 1708 1311 1758 anno
1336 1688 1451 1781 primo
1476 1699 1515 1758 et
1539 1682 1800 1781 septuagesimo

456 1798 560 1896 supra
578 1796 795 1873 milesimum
814 1806 853 1869 et
870 1789 1108 1868 centesimum
1126 1795 1211 1869 fatis
1229 1795 1357 1871 ceffit·

503 1911 648 1984 Tertius
666 1909 842 1982 Matbeus
859 1906 996 1979 ibidem
1020 1907 1188 1998 pontifex
1207 1908 1254 1981 de
1271 1909 1510 2006 Kyninmond
1527 1911 1798 1984 archidiaconus

454 2024 579 2099 Sandti
589 2022 740 2094 Andree
750 2015 975 2113 temporibus
988 2018 1064 2088 diui
1081 2017 1222 2092 'ibome
1234 2025 1402 2117 martyris
1412 2019 1722 2095 Cantharisensis·
1741 2023 1798 2093 bio

453 2137 499 2209 ad
523 2137 672 2208 tertium
696 2132 880 2204 decimum
910 2129 1085 2202 kalendas
1111 2129 1339 2224 Septembris
1356 2157 1452 2208 anno
1480 2137 1596 2231 gratie
1621 2129 1797 2206 milesimo

454 2242 652 2321 centesimo
669 2237 899 2338 nonagesimo
917 2264 1014 2313 nono
1032 2241 1145 2314 humo
1162 2246 1437 2318 commendatus
1454 2243 1535 2318 esi·

493 2360 654 2445 Quartus
664 2355 852 2428 Jobannes
863 2356 960 2448 prior
976 2353 1232 2426 conuentnalis
1245 2359 1386 2451 oenobij
1398 2359 1444 2430 de
1459 2357 1592 2430 Kels'o·
1609 2360 1671 2452 qui
1686 2359 1795 2430 tertio

455 2471 543 2544 idus
567 2467 736 2542 Odobris
763 2489 859 2540 anno
886 2462 1038 2559 septimo
1065 2462 1173 2560 supra
1198 2466 1414 2541 milesimum
1440 2483 1480 2542 et
1509 2467 1797 2544 ducentesimum

454 2605 608 2678 agonem
625 2575 729 2652 sunm
748 2579 894 2652 domino
911 2575 1080 2672 precibus
1097 2579 1376 2652 commendabat
1393 2621 1402 2640 ·
1670 2655 1673 2662 A

488 2694 665 2780 ‘Quintus
711 2688 881 2788 magister
923 2689 1044 2761 Adam
1089 2689 1325 2763 cancellarius
1368 2693 1559 2766 Guiilermi
1602 2695 1795 2766 Scotorum

454 2806 627 2902 principis
638 2807 702 2898 qui
718 2826 816 2877 auno
832 2796 1022 2875 miltefimo
1032 2796 1282 2874 ducentesimo
1293 2800 1460 2877 vicesimo
1471 2807 1596 2877 oeauo
1614 2805 1798 2900 sepulture

455 2919 637 2992 traditur·

505 3029 642 3103 Sextus
659 3028 851 3102 Gisbertus
867 3028 913 3100 de
930 3025 1135 3121 Striueling
1152 3066 1160 3083 ·
1180 3027 1242 3119 qui
1261 3026 1353 3123 obijt
1370 3053 1466 3100 asino
1483 3030 1656 3102 salutiferi
1674 3045 1798 3125 partus

456 3165 552 3215 riano
570 3153 608 3214 et
625 3136 806 3214 tricesimo
823 3137 929 3234 supra
945 3134 1236 3210 ducentesimum
1254 3151 1292 3212 et
1310 3136 1538 3214 millesimum
1557 3182 1565 3199 ·

506 3253 693 3348 Septimus
710 3250 952 3345 Randulpbus
977 3250 1024 3322 de
1045 3247 1223 3344 Lambley
1240 3251 1352 3324 abbas
1377 3254 1422 3326 de
1447 3255 1609 3328 Arbrotb
1627 3257 1686 3329 bic
1703 3281 1798 3329 auno

455 3367 608 3462 septimo
633 3373 673 3436 et
698 3358 969 3458 quadragesimo
995 3358 1101 3456 supra
1125 3357 1345 3436 milesimum
1373 3376 1412 3437 et
1437 3365 1722 3440 ducentesimum
1753 3371 1797 3440 ad

456 3491 577 3574 patres
593 3474 675 3549 suos
691 3485 952 3548 annumeratus
965 3469 1019 3544 est
1036 3513 1045 3530 ·

506 3588 668 3663 ouauus
685 3582 856 3683 magister
867 3584 998 3656 Petrus
1015 3587 1062 3658 do
1076 3583 1252 3680 Ramsay·
1268 3589 1327 3661 bic
1339 3591 1384 3661 ad
1402 3591 1541 3664 cultum
1560 3593 1723 3666 diuinum
1738 3596 1799 3666 de·

455 3701 678 3774 cantandam
704 3699 879 3772 tredecim
896 3699 1090 3770 canonicos
1108 3694 1173 3768 sibi
1201 3693 1385 3773 asiooiauit
1401 3704 1532 3796 quibus
1557 3702 1703 3800 singulis
1720 3730 1799 3800 pre-

456 3813 593 3887 bendas
605 3811 707 3884 dedit
717 3822 755 3883 et
766 3805 969 3883 mansiones
981 3805 1251 3903 saattionesque
1263 3808 1512 3887 saluberrimas
1522 3817 1652 3909 quibus
1664 3820 1707 3890 ad
1720 3841 1800 3913 pre-

455 3925 538 3999 sens
552 3924 715 4020 gaudent
731 3918 891 3994 instituit
907 3931 946 3993 et
964 3921 1149 3994 ordinauit
1166 3961 1176 3978 ·
1195 3925 1258 4015 qui
1276 3946 1373 3996 auno
1387 3929 1536 4022 virginei
1555 3939 1680 4023 partus
1698 3931 1799 4003 mise-

456 4033 545 4108 simo
555 4029 805 4107 ducentesimo
822 4028 1121 4129 quinquagesimo
1135 4030 1291 4127 septimo
1308 4037 1353 4108 ad
1371 4035 1516 4133 superos
1528 4043 1675 4112 euodius
1692 4039 1746 4113 esi
1763 4084 1773 4101 ·

508 4146 640 4221 Nonus
666 4145 869 4220 Riebardus
896 4144 1051 4218 Pottobt
1076 4147 1227 4218 natione
1245 4145 1390 4243 Augias
1406 4155 1468 4244 qni
1495 4149 1596 4224 sexto
1613 4149 1800 4227 Kalendas

458 4259 550 4354 Maij
568 4257 654 4332 anui
670 4253 851 4330 millesimi
870 4251 1109 4330 ducentesimi
1127 4255 1380 4354 septuagesimi
1397 4260 1542 4335 secundi
1560 4260 1723 4356 spiritum
1738 4291 1801 4340 ex·

456 4371 598 4446 alauit·

506 4482 682 4557 Decimus
699 4479 812 4578 Hngo
829 4481 875 4553 de
893 4480 1081 4554 Benbame
1098 4485 1160 4575 qui
1178 4485 1215 4553 in
1235 4483 1317 4556 laen
1342 4485 1461 4558 Goule
1474 4481 1612 4579 insidijs
1629 4489 1799 4562 occubuit

454 4619 551 4673 anuo
569 4593 827 4669 incarnationis
845 4590 1038 4666 Dominice
1056 4613 1316 4667 saccaxxxu.
