4590 5954
485 708 591 804 xm]
961 713 1371 790 annnnonnnsn.
1818 729 1840 794 ⁵

484 909 761 981 fundamentum
779 949 787 968 ·
805 936 851 984 ex
875 936 946 1006 quo
972 937 1073 986 more
1091 938 1156 1007 per
1173 914 1437 986 catholicorum
1463 915 1664 1008 principum
1689 921 1835 1010 prouin-

484 1023 557 1092 cias
574 1035 611 1093 et
629 1045 739 1117 regna
755 1021 946 1098 salubriter
961 1023 1170 1098 institutum
1189 1021 1243 1096 est
1257 1034 1297 1095 vt
1316 1019 1464 1119 singulis
1481 1029 1583 1098 annis
1599 1029 1834 1121 prouincialia

483 1132 635 1204 concilia
651 1135 695 1206 ad
714 1135 881 1208 decorem
894 1138 1023 1208 domus
1038 1135 1110 1207 Dei
1128 1146 1167 1207 ct
1185 1135 1296 1206 fidem
1313 1136 1528 1210 catholicam
1547 1138 1698 1210 firmiter
1715 1139 1833 1213 obser·

482 1246 637 1318 uandam
663 1249 733 1320 rite
758 1250 1013 1323 celebrentur·
1032 1247 1101 1318 Cui
1119 1248 1211 1318 mori
1230 1246 1345 1318 felicis
1369 1251 1628 1324 recordacionis
1646 1250 1831 1326 Honorius

483 1356 581 1452 Papa
600 1359 636 1430 iu
655 1358 805 1434 eeclesia
830 1361 1023 1433 Scoticana
1048 1357 1267 1430 concensnm
1293 1359 1459 1432 adhibuit
1485 1359 1672 1456 specialem
1698 1366 1734 1435 in
1762 1366 1830 1440 hec

480 1472 588 1558 rerba
615 1513 623 1530 ·
652 1472 832 1546 Honorius
860 1471 1031 1568 epffoopus
1049 1469 1181 1566 sericea
1194 1471 1385 1567 seruorum
1412 1470 1485 1546 Dei
1512 1482 1571 1547 etc.
1600 1475 1829 1550 Arrttoritate

479 1585 590 1679 igitur
607 1583 676 1657 Dei
694 1585 953 1679 omnipotentis
979 1593 1018 1654 et
1044 1579 1225 1654 sacrorum
1251 1607 1430 1656 canonum
1457 1597 1494 1657 ct
1520 1584 1736 1660 sacrosancte
1754 1589 1829 1662 Ro-

479 1719 584 1769 mane
601 1695 748 1771 ecclesre
766 1719 832 1768 nos
849 1694 978 1789 prelati
996 1690 1147 1766 ecclesre
1166 1694 1362 1768 Scoticane
1386 1697 1580 1770 concilium
1605 1701 1827 1794 prouinciale

478 1807 677 1882 nostrornm
699 1802 980 1902 predecessorum
1006 1829 1108 1878 more
1133 1805 1361 1880 celebrantes
1378 1819 1417 1880 et
1435 1809 1652 1883 laudabilem
1678 1811 1825 1886 consue-

476 1922 639 1994 tudinem
665 1921 896 1992 obseruautes
914 1919 1073 1990 unanimi
1099 1918 1280 1991 concensu
1298 1916 1488 1993 statuimus
1505 1936 1542 1994 et
1559 1925 1765 1998 ordinamus
1783 1938 1823 1999 rt

477 2029 622 2129 lingulis
645 2034 748 2104 annis
766 2027 894 2126 singnrli
921 2027 1077 2126 episcopi
1094 2042 1134 2104 et
1155 2032 1307 2104 abbates
1324 2055 1366 2105 ac
1383 2034 1606 2127 prioratuum
1632 2038 1766 2130 priores
1784 2039 1821 2110 in

474 2146 599 2218 habitu
626 2141 800 2237 solempni
826 2144 870 2216 ad
896 2143 1091 2215 concilium
1118 2143 1376 2216 celebrandum
1399 2146 1444 2216 ad
1469 2159 1607 2218 certum
1634 2149 1730 2220 diem
1758 2173 1823 2243 per

474 2255 759 2330 conseruatorem
783 2255 925 2349 concilij
947 2251 1012 2326 srbi
1038 2267 1293 2349 competenter
1314 2257 1560 2353 prefigendunr
1579 2261 1711 2332 denote
1737 2286 1821 2333 con-

474 2374 623 2442 ueniant
640 2379 680 2440 rt
704 2391 767 2461 per
784 2368 945 2439 triduum
964 2363 990 2438 si
1008 2366 1148 2440 necesse
1166 2368 1331 2441 fueritin
1350 2370 1479 2442 eodem
1504 2374 1656 2444 coneilio
1674 2375 1819 2446 valeant

473 2506 536 2576 pro
561 2477 829 2554 necessitatibus
855 2480 986 2551 diuinis
1012 2489 1051 2550 et
1076 2475 1326 2553 ecelesiasticis
1351 2487 1561 2555 commorari
1586 2496 1624 2557 et
1649 2489 1819 2560 inuocata

471 2591 581 2666 siracti
600 2590 743 2686 spiritus
759 2592 875 2686 gratia
892 2586 1025 2660 statum
1043 2587 1323 2663 ecclesiasticum
1342 2592 1477 2664 ibidem
1495 2595 1538 2667 ad
1557 2598 1702 2668 modum
1718 2599 1818 2671 ‹lebi-

470 2719 549 2778 tum
576 2716 614 2776 et
639 2704 844 2796 placentem
863 2700 943 2771 Deo
969 2702 1163 2771 reformare
1181 2740 1189 2756 ·
1209 2701 1250 2772 Si
1276 2703 1357 2794 quis
1383 2726 1468 2774 tero
1496 2729 1617 2777 eorum
1645 2713 1817 2783 carroniea

469 2817 717 2912 prepeditione
742 2814 851 2884 suerit
877 2812 1072 2905 impeditus
1098 2826 1369 2906 procuratorem
1391 2817 1469 2888 viee
1494 2815 1556 2889 sua
1581 2817 1814 2893 lirllicieutom

469 2927 686 3002 substituat·
710 2949 781 2997 uon
806 2936 928 2997 autem
955 2925 1103 2996 veniens
1130 2922 1367 3018 personaliter
1391 2949 1474 2998 cum
1499 2932 1620 3002 venire
1647 2929 1749 3024 pellit
1777 2948 1814 3006 ct

470 3028 625 3114 noluerit
642 3040 857 3112 austeritate
873 3036 1015 3129 coneilij
1034 3046 1073 3110 et
1090 3038 1240 3110 arbitrio
1259 3039 1432 3130 puniatur
1448 3080 1455 3095 ·

654 3294 661 3304 ,
738 3261 790 3333 ΙΙ.
816 3261 1007 3346 Quoruodo
1024 3257 1258 3335 conseruator
1274 3262 1407 3336 debeat
1423 3263 1507 3359 eligi
1526 3306 1534 3322 ·

466 3491 669 3562 statuimus
703 3487 813 3557 etiarn
850 3487 886 3554 in
917 3484 1041 3578 primis
1073 3495 1113 3556 vt
1143 3482 1310 3578 quolibet
1343 3507 1438 3557 anno
1469 3487 1617 3558 uerbum
1652 3492 1811 3582 predica·

466 3603 573 3673 tionis
590 3599 740 3672 cuilibet
757 3593 1003 3690 episcoporum
1017 3597 1078 3666 rui
1097 3595 1176 3689 post
1194 3594 1351 3668 alterum
1371 3598 1579 3693 iniungatur
1592 3603 1629 3670 iu
1647 3606 1809 3696 proximo

465 3712 617 3786 concilio
636 3735 699 3805 per
715 3709 751 3780 sc
769 3707 826 3780 rel
845 3731 908 3802 per
925 3707 1035 3779 alium
1059 3708 1334 3801 proponendum
1361 3710 1565 3804 incipiendo
1582 3713 1809 3810 abepiscopo

464 3825 572 3898 sanai
591 3823 739 3896 Andree
755 3859 764 3876 ·
781 3833 819 3892 et
837 3820 933 3912 quod
951 3842 1043 3890 rnus
1066 3818 1316 3912 episcoporum
1342 3821 1571 3894 conseruator
1593 3820 1807 3900 statutorum

464 3937 605 4029 concilij
623 3935 811 4007 ordinetur
825 3933 872 4004 dc
888 3931 1041 4004 concilio
1064 3931 1286 4023 reliquorum
1303 3935 1365 4025 qui
1384 3935 1430 4006 de
1445 3936 1597 4007 concilio
1620 3939 1664 4009 ad
1691 3942 1809 4012 conci·

463 4051 550 4122 lium
569 4049 631 4119 liro
649 4049 820 4140 fungatur
837 4043 952 4116 officio
970 4067 1011 4117 ac
1029 4039 1239 4116 manifestos
1256 4054 1295 4116 et
1312 4047 1472 4119 notorios
1488 4049 1645 4120 eiusdem
1663 4052 1805 4144 coneilij

462 4161 521 4235 seu
540 4159 691 4233 alicuius
708 4155 833 4230 statuti
853 4159 889 4228 in
907 4157 1035 4228 eodem
1054 4155 1250 4228 violatores
1268 4159 1398 4252 puniat
1415 4161 1514 4232 etad
1532 4162 1690 4234 debitam
1708 4162 1806 4236 listis-

461 4274 651 4346 fattionem
669 4266 934 4364 percensuram
960 4263 1237 4341 ecclesiasticam
1264 4269 1461 4344 secundum
1479 4275 1564 4346 iuris
1581 4277 1804 4370 exigenciam

461 4385 654 4458 efficaciter
668 4380 862 4474 compellat
880 4421 889 4436 ·
