4612 5964
508 775 609 870 xa]
882 820 886 828 -
979 776 1391 852 aananounnsn.
1812 781 1856 850 95

653 1087 863 1184 capellanie
880 1092 919 1163 in
936 1092 1080 1185 prefata
1103 1085 1257 1162 ccclesia
1273 1090 1311 1158 in
1329 1086 1426 1156 dista
1442 1082 1615 1156 facultate
1633 1105 1703 1174 quo
1721 1083 1766 1154 ad
1784 1081 1853 1152 dis-

653 1201 890 1274 tributionem
906 1205 946 1274 in
963 1203 1116 1275 vicarios
1134 1201 1235 1272 chori
1252 1219 1349 1268 anno
1366 1192 1561 1290 prescripto
1578 1191 1800 1287 sequuntur·

654 1426 821 1500 Foueme
885 1480 894 1496 .
997 1478 1005 1494 .
1109 1477 1117 1491 .
1221 1473 1229 1489 .
1332 1419 1449 1514 vjlilt.
1466 1420 1530 1514 xiij
1547 1415 1582 1490 sl.
1600 1420 1649 1512 iiij
1667 1414 1703 1488 d.

652 1537 902 1634 Kynnednard
995 1587 1003 1603 .
1108 1587 1116 1601 .
1221 1585 1229 1602 .
1333 1533 1367 1626 vj
1386 1531 1448 1603 lit.
1466 1533 1530 1626 xiij
1547 1526 1581 1602 sl.
1599 1533 1649 1624 iiij
1667 1529 1703 1602 d.

652 1651 794 1722 Alueth
885 1701 893 1717 .
997 1699 1005 1714 .
1109 1699 1117 1715 .
1221 1697 1230 1714 .
1333 1641 1448 1738 vjtib.
1466 1645 1530 1738 xiij
1547 1639 1581 1714 sl.
1599 1644 1649 1736 iiij
1666 1640 1703 1715 d.

653 1762 754 1855 Fyue
885 1811 893 1826 .
997 1810 1004 1826 .
1109 1811 1117 1827 .
1220 1811 1228 1826 .
1333 1756 1448 1851 vjtit.
1466 1757 1529 1851 xiij
1547 1751 1580 1826 ss.
1598 1757 1648 1850 iiij
1666 1751 1702 1825 d.

653 1861 793 1944 Ellone'
886 1910 895 1926 ·
999 1924 1007 1940 .
1111 1925 1120 1941 .
1224 1927 1262 1944 ..
1335 1871 1398 1966 viij
1414 1869 1478 1941 lib.

653 1985 834 2078 Logymar
885 2034 893 2052 .
997 2035 1005 2051 .
1109 2035 1118 2052 .
1222 2036 1230 2053 .
1334 1985 1395 2078 viij
1413 1983 1475 2055 lit.

651 2094 886 2190 Kildrummy
993 2148 1001 2165 .
1106 2149 1114 2165 .
1219 2149 1227 2165 .
1332 2097 1391 2191 viij
1410 2095 1492 2168 liu,

653 2206 741 2280 Fola
771 2248 1227 2279 .....
1330 2233 1356 2281 x
1372 2207 1437 2282 lit.

651 2318 821 2392 Rettoria
837 2316 948 2392 sansai
967 2317 1068 2391 Petri
1104 2375 1114 2391 .
1217 2375 1226 2391 .
1329 2321 1446 2416 vjlit.
1463 2321 1527 2418 xiij
1544 2315 1579 2392 sl.
1597 2321 1647 2414 iiij
1666 2317 1701 2391 d.

650 2431 862 2528 Capeliania
879 2430 989 2505 sanai
1008 2430 1109 2505 Petri
1215 2487 1224 2503 .
1327 2435 1388 2527 viij
1406 2432 1469 2505 lib.

651 2545 755 2642 Logy
772 2547 810 2617 in
828 2545 1005 2618 Buchane
1101 2599 1110 2615 .
1215 2586 1223 2602 ·
1326 2567 1349 2615 v
1366 2545 1428 2617 lira

650 2655 937 2750 Auchtydonald
985 2681 1009 2727 .·
1097 2711 1105 2727 .
1210 2710 1219 2726 .

649 2768 863 2864 capellania
886 2765 1044 2862 episcopi
1063 2767 1269 2840 Alexandri
1320 2767 1399 2839 xlix
1422 2762 1456 2838 sl.

502 2998 654 3067 Summa
683 2993 811 3063 irarum
842 2991 1125 3086 capellaniarum
1153 2995 1192 3064 in
1222 2993 1364 3088 prefata
1393 2990 1641 3086 ecclesiaque
1674 3015 1720 3064 ex
1755 3015 1850 3062 nunc

688 3107 840 3176 veniunt
857 3107 896 3177 in
917 3102 1173 3178 distributione
1274 3157 1284 3177 .
1387 3107 1470 3199 iiij²¹
1487 3106 1521 3199 vj
1540 3105 1602 3177 lit.
1619 3127 1669 3177 xv
1686 3101 1716 3174 s.
1736 3105 1796 3195 viij
1814 3099 1851 3173 d.

500 3335 652 3402 Summa
677 3331 791 3400 totius
812 3338 888 3400 tam
913 3331 1172 3402 canonicorum
1198 3353 1309 3423 quam
1325 3329 1604 3425 capellaniarum
1622 3353 1692 3423 que
1708 3331 1754 3402 ad
1772 3353 1850 3424 prc-

500 3443 579 3514 scus
597 3443 697 3514 venit
716 3443 753 3513 in
771 3436 1026 3513 distributione
1051 3442 1269 3514 vicariorum
1289 3443 1390 3516 chori
1407 3451 1446 3515 at
1463 3438 1703 3515 ministrorum
1722 3464 1851 3512 eorun-

499 3557 582 3627 ‹lem
684 3595 1369 3627 .......
1468 3555 1506 3648 ij‘
1522 3554 1584 3626 lib.
1602 3556 1661 3648 xvj
1680 3548 1713 3625 sl.
1733 3556 1792 3646 viij
1812 3550 1847 3626 (l.

649 3889 819 3964 Eiusdem
847 3889 1032 3964 facultatis
1058 3887 1296 3986 infrascriptis
1322 3892 1517 3988 capellanis
1547 3903 1586 3966 ct
1614 3889 1784 3965 ministris
1810 3895 1846 3963 in

646 4004 742 4078 diua
758 3999 908 4078 ecclesa
921 4017 962 4075 rt
979 4001 1142 4098 sequitur
1154 4003 1224 4077 hoc
1240 4005 1351 4078 modo
1367 4028 1433 4100 pro
1449 4017 1624 4102 perpetuo
1636 4002 1848 4080 remansuris

648 4117 695 4190 dc
711 4117 798 4190 data
813 4140 887 4210 qua
902 4113 1009 4211 supra
1026 4157 1035 4175 ·
1055 4115 1102 4189 ln
1120 4117 1247 4212 primis

916 4361 1071 4414 wainni
1099 4359 1270 4414 vtcaaus
1294 4361 1415 4416 cnon!
1433 4382 1443 4402 ·

502 4575 532 4639 1.
560 4567 728 4640 Andreas
745 4562 840 4638 nou
856 4517 1067 4662 capellanus
1083 4567 1130 4640 ad
1148 4561 1297 4640 stallum
1322 4568 1461 4641 domini
1477 4564 1587 4641 nostri
1604 4578 1643 4641 et
1659 4573 1848 4644 reuerendi

614 4680 651 4752 in
669 4673 815 4753 Christo
831 4679 945 4774 patris
961 4703 1004 4753 ac
1020 4680 1162 4752 domini
1179 4679 1318 4753 domini
1338 4677 1550 4754 Willelmus
1567 4677 1846 4756 Abirdonensrs·
