4612 5964
516 771 627 866 x111.]
993 773 1397 848 ABERDONENSE.
1825 783 1870 846 45

515 966 674 1064 sigillum
705 992 892 1064 uunquam
924 981 1030 1046 extra
1063 969 1318 1045 thesaurariam
1349 971 1532 1040 deferatur
1565 964 1631 1039 uisr
1662 991 1747 1039 cum
1780 993 1870 1061 olaus

513 1080 625 1151 fuerit
650 1104 714 1173 pro
742 1081 858 1154 literis
884 1083 1036 1178 capituli
1054 1087 1092 1154 in
1110 1082 1292 1176 presencia
1318 1081 1469 1150 fratrum
1496 1076 1677 1174 srgnandis
1696 1120 1703 1136 ·
1724 1079 1764 1150 Si
1785 1101 1869 1151 vero

512 1192 672 1264 decanus
701 1194 941 1267 cancellarius
966 1194 1026 1266 vel
1057 1191 1295 1265 thesaurarius
1322 1215 1344 1261 a
1366 1192 1518 1262 ciuitate
1540 1191 1672 1263 debeat
1699 1192 1869 1262 recedere

511 1303 655 1376 clauem
677 1301 776 1378 suam
801 1307 923 1378 tradat
943 1305 1053 1378 alicui
1071 1305 1116 1375 de
1140 1303 1320 1374 canonicis
1340 1301 1395 1372 vel
1422 1302 1580 1373 decanus
1606 1303 1643 1372 iu
1672 1304 1777 1373 exitu
1805 1301 1868 1372 suo

511 1414 728 1488 cancellario
758 1416 818 1489 vel
853 1415 1075 1488 thesaurario
1110 1409 1174 1506 ipsr
1205 1425 1244 1484 et
1273 1410 1468 1484 econuerso
1504 1413 1622 1484 facere
1657 1414 1794 1485 debent
1830 1417 1865 1484 in

510 1549 637 1598 eorum
667 1525 801 1601 recessu
827 1567 835 1585 ·
859 1526 1030 1599 Officium
1061 1535 1183 1596 autem
1214 1522 1417 1615 cancellarij
1445 1520 1499 1596 est
1529 1523 1653 1596 literas
1679 1538 1718 1596 et
1748 1537 1866 1597 cartas

510 1638 661 1731 capituli
688 1660 909 1732 componere
927 1647 965 1709 et
984 1636 1108 1706 literas
1125 1636 1162 1704 in
1180 1634 1340 1728 capitulo
1367 1632 1540 1728 legendas
1566 1635 1687 1729 legere
1713 1635 1866 1707 latiores

509 1766 677 1822 cantores
689 1761 728 1824 et
742 1762 884 1822 ceteros
901 1742 1083 1818 ministros
1100 1747 1138 1816 in
1154 1745 1279 1817 tabula
1295 1756 1422 1818 notare
1438 1757 1478 1817 ct
1495 1746 1606 1817 libros
1624 1745 1810 1841 theologie
1827 1749 1864 1818 iu
1880 1760 1993 1816 tatuit
2005 1760 2151 1816 crusnam

508 1862 701 1934 armariolo
719 1857 900 1934 custodire
912 1880 1002 1952 quos
1017 1853 1165 1953 smgulis
1177 1859 1280 1928 aunis
1298 1861 1335 1928 iu
1353 1860 1469 1951 prima
1481 1855 1683 1951 septimana
1701 1858 1866 1943 Quadra·
1878 1883 2023 1941 curturis
2035 1883 2177 1940 istrorum

507 1967 644 2066 gesrme
669 1994 791 2045 coram
808 1971 947 2043 decano
965 1979 1005 2041 ct
1021 1970 1204 2042 canonicis
1221 1969 1331 2040 debet
1354 1965 1544 2041 ostendere
1567 1981 1606 2040 et
1631 1969 1807 2040 exhibere
1826 1984 1865 2040 rt

407 2109 409 2114 ⁴
508 2077 558 2154 lic
575 2093 747 2176 appareat
764 2082 861 2175 quod
886 2080 1011 2154 nullus
1027 2082 1138 2153 suerit
1164 2081 1326 2174 perditus
1343 2080 1400 2151 rel
1419 2079 1660 2152 deterioratos
1679 2120 1687 2136 ·
1706 2080 1864 2175 dignitas

508 2201 633 2264 autem
650 2191 858 2287 cancellarij
877 2189 932 2264 est
949 2192 1045 2286 quod
1071 2189 1145 2285 ipse
1171 2191 1376 2285 prouidebit
1394 2191 1440 2263 de
1456 2190 1597 2284 ydoneo
1615 2187 1784 2286 magistro
1802 2195 1862 2285 qui

508 2303 643 2375 lrabeat
669 2307 832 2398 regimen
864 2303 1043 2377 scolarum
1074 2305 1120 2376 de
1147 2304 1320 2376 Aberdeu
1350 2305 1411 2394 qui
1437 2300 1527 2375 sciat
1557 2327 1688 2396 pucros
1718 2314 1794 2375 tam
1825 2307 1861 2375 iu
1876 2327 2176 2394 assimilatorum

507 2417 746 2506 grammatica
763 2437 873 2506 quam
890 2417 928 2486 iu
948 2415 1067 2509 logica
1084 2415 1226 2486 erudire
1243 2453 1251 2470 ·

963 2636 1021 2709 De
1038 2638 1155 2710 officio
1172 2636 1378 2729 tlrcsaurarij
1399 2677 1406 2694 ·

508 2859 678 2932 Officium
701 2871 825 2932 autem
845 2855 1055 2952 thesaurarlj
1074 2855 1127 2930 est
1150 2870 1362 2930 ornamenta
1378 2872 1418 2930 et
1434 2857 1603 2952 reliquias
1620 2871 1658 2930 ct
1676 2859 1863 2933 thesauros
1876 2887 2049 2943 lumime
2062 2886 2187 2944 rursm

507 2967 658 3043 ecclelia
684 2965 865 3042 custodire
890 2981 930 3042 et
956 2970 1103 3043 relicere
1131 2969 1320 3041 luminaria
1341 3009 1349 3025 ·
1369 2971 1480 3040 etiam
1508 2969 1698 3061 prouidere
1724 2969 1861 3044 scilicet

506 3081 604 3175 quod
623 3085 660 3154 iu
678 3083 848 3154 omnibus
871 3083 1068 3155 maioribus
1094 3080 1297 3174 duplicibus
1319 3075 1418 3152 iestis
1444 3082 1557 3152 totius
1582 3085 1667 3152 anni
1691 3079 1761 3154 sust
1779 3088 1860 3154 otto

506 3193 681 3264 decentes
707 3195 802 3265 cerci
828 3194 1000 3266 ardentes
1024 3195 1197 3266 continue
1222 3194 1267 3264 ad
1285 3189 1449 3286 resperas
1466 3192 1567 3264 etad
1593 3195 1795 3266 matutinas
1821 3211 1858 3266 et

505 3303 551 3374 ad
570 3326 738 3398 maguam
765 3301 903 3376 missam
922 3306 1018 3378 circa
1037 3304 1154 3377 altare
1180 3316 1301 3398 preter
1316 3325 1439 3376 cereos
1456 3326 1548 3396 quos
1572 3307 1673 3397 pueri
1693 3306 1858 3377 deserent

505 3425 544 3485 et
558 3425 716 3507 quatuor
732 3413 777 3486 ad
796 3427 937 3487 ceteras
954 3416 1060 3488 horas
1077 3415 1149 3487 diei
1167 3412 1227 3486 sex
1245 3418 1282 3487 iu
1300 3413 1506 3508 duplicibus
1523 3409 1623 3485 sestis
1641 3411 1711 3485 smt
1728 3417 1860 3487 docon-

505 3536 562 3596 tes
579 3527 674 3596 cerei
701 3526 897 3597 ardentes·
916 3528 952 3596 iu
974 3524 1074 3598 festis
1099 3549 1230 3598 nouem
1258 3525 1452 3596 ledionum
1471 3535 1653 3617 quatuor·
1674 3527 1711 3595 iu
1731 3527 1858 3598 dicbus

506 3637 644 3708 feriatis
669 3637 741 3708 duo
768 3637 813 3708 ad
841 3639 961 3708 miuus
979 3676 988 3694 ·
1008 3639 1097 3710 item
1123 3636 1291 3710 candelas
1316 3636 1361 3708 ad
1389 3635 1499 3707 libros
1522 3657 1653 3728 panem
1675 3650 1714 3708 et
1732 3640 1858 3710 vitrum
1872 3657 2118 3726 anstrannum

505 3744 654 3842 lingulis
670 3747 847 3820 altaribus
864 3742 1065 3820 ministrare
1083 3787 1092 3805 ·
1111 3747 1294 3821 incensum
1320 3747 1495 3819 curbones
1512 3743 1668 3819 stramen
1687 3749 1856 3821 iuuccum

504 3871 543 3930 et
569 3870 691 3930 nactas
722 3880 787 3951 per
815 3869 935 3929 totum
966 3860 1052 3930 anni
1082 3859 1256 3930 circulum
1285 3879 1494 3951 comparare
1515 3895 1525 3912 ·
1549 3856 1610 3928 Ad
1638 3855 1706 3930 ista
1732 3875 1857 3932 autern

503 3970 628 4041 omnia
652 3979 802 4041 tenetur
825 3965 1066 4041 thesaurarius
1083 3966 1286 4064 sumptibus
1304 3970 1430 4042 decani
1449 3964 1609 4039 eiusdem
1627 3968 1780 4043 ecclesie
1797 3975 1857 4064 qui

503 4076 558 4152 est
575 4081 691 4152 testor
708 4080 804 4153 diae
821 4076 972 4152 eoeleste
989 4079 1104 4154 donec
1122 4081 1229 4154 aliter
1244 4081 1355 4151 suerit
1372 4076 1555 4173 prouisum
1574 4119 1583 4135 ·

580 4299 639 4373 De
655 4305 912 4376 canonicorum
930 4299 1128 4376 relidencia
1143 4316 1183 4375 et
1199 4302 1351 4375 aliarum
1369 4302 1590 4396 dignitatum
1609 4300 1763 4374 ecclesie
1781 4343 1789 4360 ·

503 4525 562 4596 De
589 4520 788 4597 resrdeuoia
811 4537 937 4598 autem
960 4525 1215 4598 canonicorum
1242 4521 1418 4598 statutum
1444 4521 1499 4595 est
1524 4533 1564 4594 ct
1589 4524 1797 4595 ordinatum
1817 4543 1855 4598 rt

501 4658 630 4708 omues
652 4636 817 4710 canonici
842 4647 918 4708 tam
943 4638 1095 4710 maiores
1112 4659 1219 4730 quam
1237 4637 1394 4708 minores
1421 4642 1618 4707 terreantur
1642 4635 1679 4706 iu
1706 4635 1857 4710 ecclesa
