4526 5954
503 753 605 850 xiv.]
977 752 1381 829 ABERDONENSE.
1772 763 1843 830 285

497 953 675 1027 Johannis
685 981 732 1029 ex
750 970 852 1052 parte
866 959 981 1031 altera
993 955 1147 1029 testatur
1156 955 1252 1048 quod
1265 953 1381 1022 dibus
1392 949 1577 1020 Johannes
1594 951 1840 1026 cumconsilio

498 1076 538 1137 et
553 1063 689 1141 assensu
708 1070 866 1167 Agnetis
878 1081 917 1143 et
935 1067 1124 1140 Elisabeth
1144 1064 1302 1137 sororum
1321 1058 1461 1132 suarum
1479 1069 1517 1130 et
1536 1059 1687 1132 aliorum
1706 1067 1840 1138 amico-

496 1200 575 1250 rum
598 1178 743 1254 suorum
760 1185 1059 1278 ¹propinquiorum
1083 1170 1253 1249 conceffit
1280 1172 1442 1244 vendidit
1464 1181 1503 1242 et
1532 1175 1679 1266 penitus
1705 1173 1840 1250 dimisit

495 1290 598 1364 dictis
614 1291 809 1367 Thome‘et
822 1293 1031 1387 Margarete
1049 1297 1168 1359 totum
1186 1307 1345 1355 annuum
1364 1282 1546 1355 redditum
1563 1283 1664 1356 suum
1683 1285 1838 1359 duarum

493 1425 693 1478 marcarum
723 1401 974 1499 sterlingorum
1008 1394 1123 1491 ipsum
1148 1397 1227 1466 iure
1257 1395 1467 1466 hereditaria
1493 1399 1765 1492 contingentem
1792 1400 1838 1472 de

492 1515 556 1589 illa
572 1527 670 1590 terra
686 1516 773 1589 dibti
787 1514 968 1610 quondam
986 1508 1137 1579 Roberti
1154 1510 1266 1601 patris
1284 1505 1334 1578 sui
1353 1507 1494 1579 iacente
1509 1507 1603 1579 infra
1620 1507 1773 1603 burgum
1792 1510 1838 1582 de

491 1625 665 1701 Aberden
683 1629 723 1699 in
741 1629 820 1699 vico
838 1627 1019 1696 furcarum
1037 1640 1082 1690 ex
1101 1620 1269 1692 orientali
1283 1630 1384 1712 parte
1396 1615 1554 1690 eiusdem
1571 1620 1640 1689 vici
1658 1621 1755 1691 inter
1765 1631 1837 1692 ter-

490 1763 566 1812 ram
584 1751 674 1812 tunc
689 1735 871 1813 Johannis
888 1735 934 1804 de
948 1731 1073 1803 Ettale
1090 1729 1210 1803 versus
1223 1732 1370 1804 boream
1384 1755 1430 1804 ex
1447 1739 1550 1824 parte
1564 1753 1634 1802 vna
1644 1740 1683 1802 et
1701 1743 1835 1804 terram

488 1861 577 1924 tuno
593 1850 772 1923 Johannis
797 1845 965 1920 aurifabri
993 1839 1111 1914 versus
1137 1841 1297 1916 austrum
1315 1867 1362 1915 ex
1387 1853 1490 1938 parte
1508 1842 1625 1915 altera
1650 1867 1735 1915 cum
1752 1855 1832 1916 toto

489 1964 568 2034 iure
584 1973 623 2033 et
640 1962 780 2033 clameo
797 1957 893 2051 quod
911 1955 968 2026 vel
994 1978 1102 2048 quem
1120 1956 1301 2050 predibtus
1324 1955 1510 2029 lohannes
1530 1957 1585 2028 vel
1603 1955 1656 2029 sui
1681 1958 1832 2030 heredes
1875 1939 1882 1950 ⁹

490 2074 625 2145 habent
643 2070 702 2142 vel
715 2069 848 2141 habere
866 2077 1038 2162 poterunt
1047 2067 1086 2137 in
1104 2067 1199 2141 dista
1209 2078 1306 2141 terra
1317 2066 1543 2163 presentibus
1555 2071 1780 2164 temporibus
1793 2082 1833 2143 et

488 2185 620 2256 suturis
637 2205 702 2277 pro
720 2181 884 2252 vndeeim
902 2179 1002 2250 libris
1020 2174 1269 2275 sterlingorum
1290 2180 1465 2252 bonorum
1491 2190 1530 2253 et
1553 2180 1723 2277 legalium
1742 2205 1832 2276 quas

489 2296 584 2366 idem
602 2294 759 2365 Thomas
777 2293 935 2385 predicto
960 2289 1119 2363 Johanni
1136 2294 1174 2363 in
1193 2289 1254 2364 sua
1269 2294 1371 2388 graui
1389 2288 1597 2366 neceffitate
1615 2295 1767 2386 probata
1793 2297 1830 2366 in

488 2405 653 2477 manibus
670 2404 812 2497 plenius
829 2400 1000 2496 persoluit
1015 2403 1060 2474 ad
1086 2400 1146 2474 sua
1163 2404 1287 2477 debita
1311 2402 1544 2500 persoluenda
1560 2414 1599 2476 et
1616 2406 1662 2478 ad
1680 2405 1749 2478 alia
1767 2430 1831 2479 ne-
1868 2441 1877 2458 ·

486 2512 630 2589 cellaria
647 2509 713 2586 fibi
732 2524 821 2586 tunc
838 2512 976 2585 summe
991 2513 1156 2588 iacienda
1171 2553 1180 2572 ·
1197 2513 1410 2588 Tenendum
1428 2526 1467 2588 et
1483 2517 1686 2589 habendum
1707 2528 1828 2590 totum

487 2628 621 2699 ditium
640 2648 802 2698 annuum
828 2623 1008 2697 redditum
1026 2649 1109 2697 cum
1128 2635 1207 2699 toto
1224 2629 1302 2700 iure
1327 2637 1366 2698 et
1383 2626 1520 2700 clameo
1537 2625 1745 2721 supradittis
1762 2652 1828 2724 pro

484 2739 643 2832 predit'ca
659 2735 799 2809 summa
815 2736 967 2830 pecunie
984 2735 1086 2808 ditis
1110 2736 1249 2810 Thome
1265 2747 1303 2810 et
1330 2737 1537 2833 Margarete
1560 2736 1684 2832 sponse
1702 2736 1763 2810 lire
1788 2750 1828 2812 et

484 2871 609 2921 eorum
623 2851 761 2922 diutius
778 2850 916 2921 viuenti
933 2871 976 2920 ao
999 2849 1197 2921 eorundem
1215 2848 1337 2922 liberis
1349 2851 1445 2921 inter
1460 2845 1553 2944 ipsos
1570 2849 1733 2946 legitime
1746 2875 1828 2945 pro-

484 2964 614 3034 creatis
632 2958 693 3033 seu
711 2961 938 3056 procreandis
956 2959 1067 3031 libere
1078 2962 1201 3054 quiete
1214 2961 1308 3034 bene
1325 2971 1364 3034 et
1382 2963 1419 3032 in
1436 2984 1524 3055 paee
1541 2957 1615 3033 line
1633 2961 1754 3055 aliqua
1770 2987 1827 3036 re-

482 3072 700 3146 clamatione
710 3072 771 3145 seu
782 3071 1063 3144 contradidtione
1075 3071 1225 3166 predit'ci
1237 3071 1261 3143 J
1263 3073 1414 3145 ohannis
1426 3071 1482 3143 vel
1494 3072 1666 3145 heredum
1681 3071 1825 3146 suorum

482 3195 546 3256 aut
563 3185 715 3257 alicuius
731 3184 881 3257 alterius
905 3185 1051 3255 nomine
1076 3179 1138 3254 suo
1163 3184 1431 3278 imperpetuum
1457 3184 1645 3257 iacienda·
1672 3183 1826 3280 Insuper

480 3307 704 3368 conuentum
722 3292 778 3368 est
803 3298 900 3368 inter
923 3291 1064 3367 eosdem
1082 3294 1177 3389 quod
1195 3291 1223 3366 sr
1248 3297 1436 3391 contingat
1454 3295 1566 3368 didos
1582 3296 1757 3369 'sbomam
1784 3309 1823 3371 et

482 3408 729 3504 Margaretam
747 3407 880 3500 absque
897 3405 1018 3478 liberis
1037 3407 1081 3478 de
1099 3408 1307 3501 corporibus
1323 3404 1393 3478 suis
1409 3405 1589 3503 legittime
1601 3408 1822 3482 exeuntibus

479 3521 574 3613 quod
593 3516 685 3592 abiit
703 3523 739 3592 in
758 3520 835 3593 iata
852 3519 1025 3591 decedere
1042 3510 1158 3590 ditius
1176 3526 1277 3590 totus
1294 3541 1435 3590 annuus
1461 3518 1622 3591 redditus
1639 3543 1722 3591 cum
1742 3531 1821 3592 toto

478 3633 556 3702 iure
573 3643 612 3703 et
630 3631 770 3705 clameo
784 3629 990 3725 lhpradit'cis
1005 3630 1146 3724 prefato
1158 3628 1317 3702 Johanni
1336 3638 1375 3702 et
1390 3629 1582 3703 heredibus
1593 3628 1663 3702 suis
1675 3634 1820 3726 propin·

477 3744 664 3836 quioribus
686 3752 893 3817 reuertetur
908 3763 972 3837 pro
997 3742 1163 3814 wdecim
1182 3740 1282 3814 libris
1308 3737 1558 3840 sterlingorum
1575 3744 1752 3814 bonorum
1779 3755 1817 3818 et

476 3853 646 3951 legalium
665 3855 860 3928 heredibus
876 3853 1129 3928 executoribus
1146 3853 1204 3925 vel
1221 3849 1404 3950 assignatis
1428 3854 1512 3926 diei
1532 3853 1670 3926 'l'lrome
1688 3855 1726 3924 in
1744 3877 1816 3926 vno

475 3967 534 4038 die
556 3963 736 4039 soluendis
753 3978 791 4039 et
809 3969 846 4039 in
865 3965 1042 4039 solutione
1065 3967 1289 4059 competenti
1315 3959 1544 4036 restituendis
1568 3960 1643 4036 stne
1661 3966 1786 4037 fraude
1805 4007 1813 4024 ·

475 4077 525 4149 Et
543 4073 569 4149 sr
586 4079 776 4175 contingat
793 4080 927 4152 didam
940 4076 1144 4149 Johannem
1158 4075 1216 4148 vel
1234 4076 1384 4149 heredes
1396 4073 1477 4148 suos
1494 4078 1765 4171 propinquiores
1777 4080 1815 4151 in

472 4186 703 4262 restitutione
719 4201 758 4262 et
775 4191 996 4285 competenti
1011 4186 1188 4261 solutione
1199 4189 1358 4283 predicte
1370 4185 1508 4260 summe
1520 4188 1713 4260 heredibus
1729 4213 1815 4262 exe·

473 4301 658 4374 autoribus
669 4301 726 4373 vel
740 4296 922 4396 allignatis
939 4300 1170 4373 distillante
1183 4301 1354 4373 iaciendis
1372 4299 1525 4373 delicere
1539 4309 1578 4370 rt
1588 4300 1816 4393 premittitur

472 4415 511 4484 in
528 4421 607 4485 toto
632 4411 693 4485 vel
718 4414 757 4485 in
782 4423 886 4507 parte
910 4422 1010 4485 totus
1035 4413 1151 4486 distas
1177 4434 1318 4486 annuus
1336 4412 1496 4484 redditus
1520 4433 1604 4484 cum
1629 4419 1710 4483 toto
1734 4412 1813 4485 iure

472 4533 511 4597 et
528 4523 667 4597 clameo
685 4519 895 4619 supradittis
910 4525 949 4595 in
961 4525 1126 4597 manibus
1136 4523 1376 4620 predistorum
1390 4523 1561 4596 heredum
1574 4533 1811 4596 executurum

473 4636 531 4710 -vel
557 4632 814 4733 affignatorum
840 4631 925 4708 diei
949 4635 1087 4711 Thome
1112 4634 1277 4709 totaliter
1301 4631 1409 4709 stabit
1438 4643 1476 4708 et
1501 4630 1632 4728 absque
1660 4631 1812 4731 strepitu
