4564 5968
458 741 543 835 η]
931 740 1335 817 aasaoouausa.
1733 755 1800 819 143

508 939 631 1011 velous
649 951 687 1012 et
705 942 777 1014 alio
791 944 836 1016 de
854 946 957 1040 nigro
970 942 1099 1017 worsat
1116 942 1178 1015 sex
1196 941 1427 1015 semicalibus
1446 940 1559 1011 trihus
1575 946 1797 1040 manitergijs

506 1051 646 1124 duobus
663 1056 908 1151 corporalibus
926 1068 965 1128 ot
982 1081 1004 1128 a
1020 1056 1180 1149 baldkyn
1199 1056 1246 1127 de
1262 1051 1373 1125 serico
1391 1052 1561 1123 deaurato
1579 1051 1608 1145 -]

927 1391 1136 1461 Ircrrruur
1155 1407 1305 1458 rochum
1324 1428 1333 1441 ·

340 1691 345 1703 ,
457 1617 642 1712 Inprimis
659 1619 787 1690 decem
806 1614 937 1687 calices
955 1612 1000 1682 de
1018 1619 1168 1704 argento
1186 1610 1349 1681 deaurati
1363 1619 1401 1680 et
1412 1609 1537 1682 decem
1551 1624 1680 1706 patene
1700 1617 1793 1688 vnde

504 1753 575 1803 vna
598 1740 733 1824 patena
750 1715 792 1799 in'
807 1725 911 1798 Rana
936 1733 1105 1794 mutuata
1129 1745 1194 1816 per
1216 1718 1424 1817 magistrum
1446 1720 1617 1796 Thomam
1637 1728 1682 1798 de
1698 1725 1793 1822 Tyn·

503 1864 709 1938 nyngamc·

453 1938 549 2027 Item
572 1976 644 2025 rna
668 1961 804 2046 patena
827 1949 872 2019 de
896 1969 1047 2018 numero
1070 1946 1214 2019 illarum
1239 1949 1364 2019 decem
1388 1949 1528 2042 perdita
1551 1973 1615 2044 per
1634 1955 1788 2025 eundem

499 2066 791 2139 archidiaconum
819 2061 857 2130 in
889 2059 956 2130 hac
987 2054 1136 2130 ecclelia
1161 2099 1170 2116 ·
1197 2058 1477 2131 Memorandum
1503 2064 1596 2154 quod
1625 2087 1714 2137 raus
1744 2069 1790 2139 de

500 2175 710 2272 supradittis
728 2171 901 2245 calicibus
919 2194 1002 2242 cum
1024 2182 1156 2264 patena
1173 2195 1238 2265 per
1254 2166 1461 2266 magistrum
1483 2173 1687 2246 lohannem
1706 2176 1790 2252 Clat

500 2287 711 2383 deperditur
727 2307 792 2378 pro
809 2305 882 2376 quo
900 2280 974 2376 ipsa
990 2283 1148 2354 contulit
1166 2305 1301 2354 nouum
1319 2323 1328 2340 ·

452 2402 547 2473 Item
561 2393 730 2494 magister
744 2394 926 2467 Henrious
942 2395 1072 2487 Rynde
1085 2391 1326 2466 thesaurarius
1343 2396 1498 2467 contulit
1512 2420 1619 2468 vnum
1639 2401 1787 2475 calicem

498 2523 712 2608 argenteum
730 2509 862 2604 partim
881 2507 1122 2580 deauratum·

450 2625 546 2698 Item
564 2646 676 2695 vnum
694 2619 909 2695 crucifixum
926 2629 1140 2715 argenteum
1159 2619 1371 2689 deauratum
1390 2639 1472 2687 cum
1489 2640 1618 2713 magno
1636 2625 1727 2714 pede
1745 2665 1752 2680 .

450 2738 545 2810 item
565 2759 636 2808 vna
652 2757 742 2807 crux
759 2736 798 2806 in
815 2755 887 2826 qua
904 2728 957 2802 est
974 2755 1054 2826 pars
1072 2731 1160 2825 ligni
1179 2729 1349 2800 dominici
1366 2727 1412 2799 de
1429 2743 1578 2824 argento
1595 2773 1603 2789 ·

449 2850 545 2921 ltem
577 2870 648 2919 vna
672 2869 763 2918 cmx
788 2847 826 2916 in
853 2867 924 2938 qua
953 2839 1112 2936 estpars
1139 2841 1227 2938 ligni
1256 2837 1368 2913 saucii
1394 2839 1542 2914 Andree
1567 2846 1612 2916 de
1637 2861 1787 2940 arpenta

499 2962 671 3032 deaurata
687 2981 734 3029 ex
756 2957 852 3028 dono
869 2956 1005 3027 domini
1024 2955 1180 3027 Gilbcrti
1199 2953 1353 3048 episcopi
1372 2993 1380 3010 ·

450 3073 544 3146 ltcrn
563 3093 634 3142 vna
650 3093 740 3141 crux
758 3089 841 3141 cum
860 3091 971 3162 paruo
989 3067 1080 3160 pedo
1096 3077 1136 3138 et
1149 3067 1321 3140 crucifixo
1334 3065 1380 3138 da
1393 3078 1542 3162 argento
1559 3070 1730 3145 deaurato
1748 3089 1783 3146 ct

497 3194 653 3278 quatuor
668 3181 896 3276 ymaginibus
915 3175 1046 3251 situata
1062 3176 1168 3273 super
1184 3177 1321 3250 curello
1338 3176 1452 3251 fradto
1469 3219 1477 3236 ·

451 3299 543 3370 ltern
571 3319 642 3366 vna
664 3316 753 3364 crux
785 3292 831 3364 de
860 3300 1010 3386 argento
1036 3291 1208 3362 deaurata
1232 3312 1315 3362 cum
1343 3291 1458 3363 tribus
1484 3291 1660 3386 lapidibus
1689 3299 1784 3392 ligno

498 3409 655 3503 coopcrt’
673 3448 682 3463 ·

449 3523 543 3594 Item
569 3543 638 3591 vna
655 3541 745 3592 crux
765 3517 811 3589 de
827 3514 1015 3588 aurecalco
1033 3555 1041 3572 ·

448 3635 543 3706 Item
562 3632 748 3704 brachium
768 3638 981 3723 argenteum
1000 3624 1107 3698 sandi
1130 3620 1288 3720 Fergustj
1306 3648 1389 3697 cum
1408 3623 1538 3700 ollibus
1556 3633 1733 3706 ciuiilern·

448 3747 544 3818 Item
563 3767 634 3816 una
650 3741 745 3838 pixis
771 3741 817 3812 de
843 3735 999 3812 cristallo
1016 3763 1100 3810 cum
1126 3738 1219 3832 pede
1242 3751 1415 3834 argenteo
1444 3763 1526 3812 cum
1557 3743 1703 3818 diuersis
1732 3773 1784 3819 re-

496 3858 641 3951 liquijs·

448 3971 543 4043 Item
561 3969 596 4040 lc
613 3967 720 4061 culpe
737 3989 801 4060 pro
819 3961 1034 4036 eucharistia
1049 3964 1096 4034 de
1112 3972 1264 4057 argento
1281 3963 1452 4036 deaurato
1468 4003 1477 4019 ·

449 4083 544 4155 Itom
562 4080 633 4151 due
650 4079 758 4151 thece
776 4078 823 4150 de
831 4075 1011 4149 auricalco
1027 4098 1092 4169 pro
1109 4075 1269 4168 reliquijs
1286 4073 1535 4150 conseruandis
1545 4103 1694 4173 quarum
1715 4107 1782 4156 vna

497 4193 607 4266 habet
623 4189 687 4262 sex
704 4191 891 4285 ymagines
917 4211 963 4260 ex
987 4199 1089 4282 parte
1106 4185 1226 4259 clausa
1241 4201 1282 4258 et
1299 4209 1409 4259 vuum
1435 4190 1548 4263 altare
1572 4215 1654 4264 cum
1672 4195 1785 4268 calice

497 4303 602 4400 super
618 4302 734 4374 altaro
750 4303 788 4373 in
806 4323 878 4395 qua
890 4302 1126 4373 continentur
1142 4295 1214 4372 olla
1229 4295 1350 4371 sanae
1368 4299 1483 4373 Eleae
1495 4298 1615 4376 saneto
1629 4303 1785 4380 Katrine

497 4416 617 4491 sance
635 4413 848 4509 Margarete
865 4425 905 4486 et
918 4411 1034 4486 Ysaac
1051 4410 1252 4507 patriarcba
1269 4421 1308 4482 et
1324 4409 1434 4484 santii
1453 4411 1612 4486 Duthaci
1630 4456 1640 4473 ·
1658 4419 1696 4488 in
1714 4420 1782 4492 alia
1903 4505 1910 4516 Ι

498 4528 605 4604 techa
621 4524 794 4636 videlicet
811 4525 857 4598 de
876 4523 1099 4598 vestimentis
1116 4525 1224 4596 beata
1241 4521 1389 4618 virginis
1414 4522 1533 4598 iliaris
1549 4538 1588 4598 et
1613 4529 1658 4600 de
1675 4530 1785 4624 pluri·

497 4646 565 4718 bus
590 4638 673 4736 alijs
699 4636 871 4712 videlicet
887 4633 960 4711 olla
976 4638 1076 4711 Petri
1094 4647 1133 4710 et
1151 4633 1255 4707 Pauli
1274 4643 1314 4707 et
1329 4636 1437 4710 beato
1453 4633 1601 4734 Brigide
1616 4643 1663 4712 de
1680 4646 1787 4716 crini-
