4612 5964
462 701 508 772 70
981 689 1294 764 REGISTRUM
1657 697 1810 794 [secum

464 1004 613 1080 Statuta
632 1018 671 1080 et
688 1007 932 1080 ordinationes
949 1004 1137 1075 reuerendi
1165 1002 1280 1096 patris
1307 1000 1482 1098 Ingerami
1502 1003 1658 1100 episcopi
1675 1006 1809 1078 Abbir·

463 1115 628 1191 donensis
645 1119 690 1192 de
706 1119 889 1192 communi
907 1113 1078 1189 consensu
1097 1115 1227 1188 decani
1245 1124 1284 1186 et
1301 1114 1447 1209 capituli
1465 1115 1519 1188 sui
1538 1114 1764 1210 sequuntur·

466 1341 524 1414 De
540 1345 768 1437 reparatione
785 1363 979 1436 capparum
997 1350 1036 1411 et
1054 1339 1247 1412 taxatione
1265 1338 1526 1433 prebendarum
1545 1361 1609 1432 pro
1627 1337 1780 1414 eisdem·

464 1543 572 1640 Aac
600 1565 715 1660 primo
741 1566 800 1637 die
826 1563 1040 1636 Decembris
1064 1585 1163 1634 anno
1187 1561 1341 1635 Domini
1358 1557 1544 1634 millcsrmo
1568 1564 1808 1658 quadringen-

463 1674 591 1750 tesrmo
623 1670 894 1770 quadragesimo
927 1676 1054 1745 adtauo
1089 1670 1321 1767 presentibus
1362 1674 1558 1746 reuercudo
1591 1676 1628 1746 in
1664 1673 1807 1749 Christo

463 1800 566 1884 putre
583 1787 775 1882 Ingeramo
797 1785 866 1856 Dei
892 1785 1010 1878 gratia
1025 1781 1195 1878 episcopo
1212 1781 1477 1856 Abbirdonenli
1504 1785 1641 1856 decano
1657 1785 1806 1859 absente

463 1901 617 1971 dominis
642 1908 681 1968 et
706 1893 883 1990 magistris
913 1893 1077 1964 Henrieo
1104 1893 1236 1988 Herup⁷
1258 1903 1406 1968 cantore
1430 1894 1610 1968 Duncano
1638 1895 1805 1990 Lychton

462 2009 675 2082 cancellario
690 2005 851 2078 Isaurico
870 2005 975 2098 Rynd
995 2001 1217 2076 thesaurario
1236 2004 1436 2078 Laurentio
1455 2005 1539 2080 Piot
1555 2009 1806 2082 archidiacono

462 2133 500 2193 et
517 2120 684 2191 omuibus
709 2117 789 2188 aliis
814 2117 996 2188 canonicis
1021 2109 1172 2186 ecclesie
1190 2115 1476 2190 Abbirdonensis
1501 2141 1565 2213 per
1590 2119 1720 2215 seipsos
1744 2120 1804 2195 seu

464 2242 710 2326 procuratores
728 2227 807 2300 suos
824 2225 1117 2320 comparentibus
1134 2226 1181 2297 ed
1199 2225 1466 2299 reformandum
1485 2251 1596 2302 vnum
1613 2235 1803 2326 antiquum

462 2343 637 2416 statutum
664 2340 760 2434 quod
787 2339 919 2410 lusiam
947 2337 1056 2407 suerit
1075 2358 1140 2429 pro
1161 2337 1287 2431 cappis
1313 2339 1541 2431 prouidendis
1567 2343 1611 2414 ad
1638 2343 1803 2417 decorem

461 2457 588 2526 (lomus
606 2451 676 2524 Dei
694 2491 703 2510 ·
724 2453 760 2522 in
787 2473 858 2544 quo
874 2449 1021 2544 quidem
1045 2443 1185 2519 statuto
1210 2448 1284 2520 fuit
1301 2449 1503 2522 ordinatum
1529 2455 1624 2545 quod
1650 2455 1803 2547 quilibet

460 2567 653 2640 canonicus
682 2565 721 2636 in
748 2562 844 2634 dicta
870 2554 1022 2633 ccclesra
1050 2561 1192 2632 intrans
1226 2557 1384 2634 solueret
1408 2563 1442 2634 in
1471 2565 1589 2658 primo
1617 2589 1713 2638 nuno
1742 2565 1805 2639 sue

461 2679 676 2773 receptionis
703 2677 739 2748 in
775 2674 988 2746 canonicum
1017 2673 1201 2745 decimum
1233 2672 1418 2746 denarium
1444 2671 1505 2746 sne
1531 2677 1714 2768 prebende
1739 2704 1803 2773 pro

460 2813 574 2885 cappa
589 2786 769 2862 emenda·
788 2785 837 2858 Et
854 2786 941 2879 quia
957 2783 1094 2856 diuum
1112 2780 1293 2857 statutum
1307 2785 1472 2858 omnibus
1484 2785 1716 2861 consideratis
1732 2793 1803 2864 suit

460 2903 567 2973 nimis
581 2896 767 2970 onerosum
787 2895 905 2968 diuus
921 2895 1090 2966 dominus
1103 2891 1294 2989 episcopus
1311 2904 1350 2968 et
1365 2892 1466 2968 suum
1484 2899 1683 2992 capitulum
1701 2915 1803 2975 ante-

459 3015 594 3084 ‹littum
612 3006 661 3081 src
678 3019 824 3103 propter
835 3008 904 3080 boc
921 3005 1173 3100 capitulariter
1184 3017 1441 3102 congregatum
1455 3012 1689 3083 atteudcntcs
1706 3016 1801 3105 quod

460 3124 592 3195 exinde
609 3119 749 3192 nullum
769 3119 923 3190 srutiunr
950 3118 1151 3210 reportabit
1168 3111 1323 3189 ecclelia
1347 3119 1525 3191 unteditta
1543 3117 1745 3194 statuerunt
1763 3138 1802 3197 ct

459 3236 717 3306 ordinaucrunt
734 3231 829 3324 quod
855 3251 980 3300 ornnes
998 3229 1162 3300 canonici
1189 3223 1342 3300 ecclesie
1365 3227 1647 3302 Abbirdoncnsrs
1667 3255 1803 3306 memo-

459 3357 628 3421 ratetum
647 3346 683 3415 in
702 3343 880 3436 dignitate
907 3336 1092 3414 constituti
1110 3361 1221 3432 quam
1243 3338 1307 3436 alij
1333 3349 1371 3412 et
1393 3352 1466 3412 tutu
1485 3342 1668 3435 presentes
1693 3369 1801 3438 quuru

458 3459 570 3530 futuri
588 3453 730 3527 soluent
747 3453 938 3524 duodecim
956 3452 1122 3522 denarios
1139 3449 1186 3522 de
1204 3450 1368 3544 qualibet
1384 3450 1473 3525 libra
1489 3450 1631 3526 suarum
1649 3458 1801 3549 preben-

458 3573 584 3644 darum
602 3566 797 3640 secundum
825 3585 949 3636 reram
968 3562 1126 3635 calorem
1154 3562 1356 3634 earundem
1372 3575 1478 3658 prout
1502 3565 1610 3636 modo
1628 3579 1801 3640 taxantur

457 3701 608 3777 quarum
627 3691 713 3751 taxa
729 3675 961 3749 subscribitur
976 3675 1021 3746 ad
1039 3685 1256 3768 perpetuam
1274 3675 1326 3747 rci
1345 3677 1551 3748 memoriam
1569 3689 1608 3750 et
1621 3677 1690 3752 boc
1708 3683 1799 3754 inira

456 3815 591 3869 annum
614 3787 800 3886 postquam
819 3783 1022 3883 pollcllbrcs
1047 3781 1297 3880 possessionem
1315 3787 1497 3880 pacificum
1515 3791 1680 3882 optinere
1697 3807 1799 3886 potc-

457 3916 543 3980 runt
560 3905 597 3976 in
615 3900 749 3974 eisdem
763 3900 930 3971 omnibus
947 3898 1074 3970 sruude
1087 3909 1126 3970 ct
1140 3896 1226 3970 dolo
1240 3899 1389 3970 remotis
1404 3901 1550 3993 penitus
1566 3912 1605 3973 ct
1622 3901 1796 3978 exclusus·

456 4015 640 4115 presentes
669 4035 756 4086 uero
784 4011 916 4082 didlarn
951 4023 1101 4102 quotum
1139 4005 1360 4082 satill'ncient
1386 4011 1476 4084 eitra
1509 4008 1639 4084 sellum
1675 4019 1797 4090 sanas

454 4128 632 4202 lobannis
651 4119 861 4217 Baptisteet
881 4121 1004 4192 Sentii
1020 4119 1217 4193 blicbaclis
1232 4119 1437 4217 archangeli
1450 4124 1615 4218 proxime
1634 4127 1795 4200 loturum

454 4265 519 4338 per
531 4235 677 4332 munies
694 4233 877 4329 portiones
895 4271 904 4290 ·
924 4230 974 4303 Et
990 4231 1036 4304 ad
1054 4233 1304 4326 receptionem
1315 4233 1670 4308 creontemationem
1685 4253 1797 4331 quote

452 4351 634 4427 antedide
650 4346 788 4421 eladius
804 4339 859 4416 est
876 4340 1117 4416 thesaurarius
1130 4365 1197 4439 pru
1212 4343 1299 4416 dial
1317 4345 1463 4440 capituli
1481 4345 1586 4418 libito
1599 4349 1797 4423 uoluntatis

452 4467 514 4560 qui
539 4462 652 4535 ditias
667 4456 823 4531 summas
847 4455 958 4528 habet
985 4453 1109 4528 leuare
1133 4453 1342 4551 sumptibus
1364 4465 1402 4530 et
1424 4453 1590 4554 expensis
1615 4460 1662 4534 dc
1686 4477 1796 4556 quoto

452 4574 607 4650 leuando
622 4567 873 4668 percipiendis.
