4526 5954
441 757 542 852 xva]
907 754 1313 831 snnnnonnnsn.
1712 764 1785 836 aar

442 957 577 1052 Papam
605 979 667 1052 pro
693 954 917 1030 absolutione
934 964 1112 1052 oportuna
1138 953 1291 1049 desuper
1320 953 1517 1024 obtinenda
1541 953 1782 1026 remittendos

440 1065 511 1142 else
535 1079 574 1141 et
599 1071 735 1142 remitti
761 1069 891 1142 debere
916 1077 1025 1163 prout
1049 1069 1160 1138 etiam
1188 1059 1369 1136 remisistis
1399 1059 1607 1134 decreuistis
1624 1085 1783 1156 pronun·

440 1179 558 1256 oiastis
585 1195 624 1257 et
652 1179 856 1258 declarastis
883 1177 1014 1274 eosque
1040 1179 1077 1248 in
1104 1170 1269 1268 expensis
1299 1172 1374 1245 litis
1400 1197 1523 1244 earum
1554 1176 1781 1247 taxationem

438 1299 540 1372 vobis
565 1298 776 1373 reseruando
805 1284 1094 1383 condempnastis
1123 1283 1229 1357 ditiis
1259 1286 1527 1378 exponentibus
1554 1286 1673 1358 eidem
1702 1284 1782 1359 sen·

439 1415 555 1486 tentie
580 1414 726 1485 decreto
751 1406 813 1480 seu
839 1398 1155 1492 condempnationi
1183 1393 1299 1468 forsan
1325 1395 1637 1491 acquiescentibus
1655 1439 1664 1455 ·
1683 1397 1778 1470 Cum

436 1535 560 1600 autem
579 1522 669 1596 srcut
686 1520 811 1594 eadem
828 1499 1068 1606 subiungebat
1085 1509 1215 1601 petitio
1233 1507 1318 1579 disti
1336 1519 1561 1603 exponentes
1578 1511 1640 1604 qui
1654 1509 1777 1584 audio·

436 1639 545 1712 ritate
575 1635 691 1709 vestra
720 1627 897 1702 ordinaria
922 1623 1037 1693 donec
1060 1621 1126 1714 eijs
1151 1620 1197 1691 ad
1224 1617 1603 1726 sedemapostolicum
1635 1635 1778 1716 pateret

434 1746 590 1824 accessus
614 1745 749 1818 suerint
773 1735 926 1811 absoluti
953 1735 1000 1806 ob
1030 1744 1282 1827 paupertatem
1308 1745 1347 1806 et
1373 1758 1494 1806 rerum
1518 1736 1706 1830 penuriam
1734 1760 1777 1808 ao

432 1862 522 1935 alios
539 1871 692 1933 euentus
709 1850 829 1923 sedem
846 1846 1040 1941 predidtam
1060 1846 1248 1917 commode
1266 1848 1364 1919 adire
1381 1870 1455 1918 nou
1472 1847 1618 1921 valeant
1636 1889 1645 1906 ·
1666 1847 1778 1944 Prop-

432 1984 534 2046 terea
549 1970 594 2043 ad
611 1991 673 2040 cor
689 1954 818 2035 reuersi
836 1968 875 2030 et
893 1953 1058 2051 premissa
1074 1953 1285 2030 commissise
1303 1959 1498 2053 plurimum
1516 1960 1683 2034 dolentes
1700 1973 1738 2034 et
1755 1987 1777 2035 a

432 2082 607 2158 similibus
640 2079 677 2148 in
707 2074 870 2145 futurum
900 2065 1079 2142 abstinere
1113 2083 1355 2165 proponentes
1385 2069 1575 2168 supplicari
1610 2075 1775 2147 lecerunt

431 2195 618 2271 humiliter
635 2183 698 2258 srbi
711 2182 816 2278 super
832 2183 887 2254 his
903 2204 969 2277 per
985 2179 1104 2254 sedem
1117 2180 1348 2276 apostolicum
1363 2185 1409 2257 de
1421 2195 1601 2280 oportuno
1614 2189 1776 2260 remedio

432 2301 706 2380 misericorditer
716 2292 1006 2390 prouideri·Nos
1017 2296 1130 2390 igitur
1140 2292 1318 2368 sententie
1331 2297 1469 2370 decreti
1482 2307 1521 2371 et
1532 2300 1776 2394 condempna-

432 2421 542 2494 tionis
559 2424 597 2488 et
614 2403 790 2506 processus
815 2406 929 2479 babiti
956 2408 1106 2500 predidti
1122 2431 1165 2480 ac
1182 2407 1335 2479 aliorum
1362 2410 1423 2481 hio
1440 2410 1551 2482 latius
1567 2415 1776 2506 exprimen-

432 2534 560 2605 dorum
577 2538 720 2599 tenores
737 2532 776 2593 et
793 2520 1007 2613 compendia
1023 2516 1249 2613 presentibus
1271 2545 1336 2615 pro
1354 2520 1462 2614 plane
1489 2534 1528 2594 et
1555 2523 1775 2598 sufficienter

431 2633 601 2737 expressis
630 2636 807 2708 babentes
840 2631 1057 2704 austoritate
1087 2631 1224 2703 domini
1254 2655 1347 2726 pape
1376 2634 1480 2705 cuius
1513 2637 1771 2728 penitentiarie

431 2776 555 2830 curam
571 2751 728 2848 gerimus
746 2756 784 2817 et
809 2746 953 2816 deeius
978 2741 1121 2838 speciali
1148 2744 1321 2816 mandato
1348 2741 1453 2838 super
1477 2746 1545 2818 hoc
1564 2749 1648 2820 vine
1674 2751 1773 2821 vocis

430 2863 576 2939 oraculo
592 2860 695 2932 nobis
712 2857 805 2930 fado
830 2850 1137 2948 circumspettioni
1163 2852 1281 2928 vestre
1306 2859 1570 2932 committimus
1592 2871 1773 2952 quatenus

430 2973 528 3050 srest
546 2978 597 3046 ita
614 2968 799 3068 postquam
816 2991 882 3063 per
900 2990 1026 3038 omnes
1053 2969 1204 3039 ruaiores
1229 2962 1395 3040 ecetefias
1411 2968 1509 3042 illius
1527 2971 1596 3043 loci
1615 2973 1675 3044 vbi
1693 2985 1774 3046 tau·

416 3103 511 3166 ‚tum
537 3087 676 3160 facinus
701 3083 772 3154 suit
798 3089 1048 3175 perpetratum
1078 3081 1166 3151 nudi
1194 3075 1385 3152 disealsrati
1412 3081 1566 3177 bracbijs
1591 3085 1772 3158 duntaxat

431 3203 583 3278 retentis
600 3199 736 3292 virgam
764 3194 922 3266 serentes
946 3193 985 3265 in
1013 3191 1178 3264 manibus
1196 3203 1234 3265 et
1251 3195 1441 3288 corrigiam
1469 3197 1564 3268 cirea
1583 3196 1719 3269 collum
1746 3194 1771 3269 li

429 3313 553 3389 secure
569 3310 729 3406 poterint
745 3306 904 3399 alioquin
923 3304 1072 3377 alterius
1088 3303 1194 3376 alteri
1219 3327 1363 3398 pervus
1381 3306 1579 3400 deputandi
1598 3310 1642 3381 ad
1662 3332 1771 3403 quern

431 3439 534 3501 tutus
551 3426 604 3496 eis
620 3431 742 3517 pateat
772 3414 928 3491 accessus
956 3411 1161 3489 incesserint
1186 3427 1225 3489 et
1250 3426 1337 3490 ante
1363 3419 1457 3492 sores
1482 3417 1638 3512 ipsarum
1655 3422 1772 3495 eccle·

431 3537 560 3614 siarum
578 3561 601 3608 a
618 3529 821 3628 presbiteris
847 3530 1043 3602 earundem
1060 3525 1237 3622 psalmum
1262 3529 1539 3624 penitentialem
1565 3532 1772 3606 dicentibus

431 3650 468 3725 se
483 3649 635 3724 fecerint
663 3644 840 3716 verberari
866 3665 977 3734 quum
1003 3643 1118 3714 maior
1143 3643 1179 3713 in
1205 3644 1257 3714 eis
1282 3642 1398 3714 aderit
1423 3642 1772 3737 populimultitudo

430 3758 690 3860 presbytricidij
707 3765 848 3828 reatum
866 3751 1069 3826 huiusmodi
1096 3754 1305 3826 conlitendo
1330 3764 1369 3826 et
1394 3751 1545 3829 ecclesie
1569 3759 1629 3829 cui
1655 3759 1772 3832 dittus

430 3872 614 3973 presbyter
648 3866 783 3942 occisus
818 3863 996 3939 seruiebat
1026 3860 1052 3936 si
1082 3865 1242 3936 nondum
1277 3863 1515 3940 satisfecerint
1554 3854 1772 3945 satisfaciant

430 3993 680 4081 competenter
704 3980 848 4075 pheudo
878 3989 917 4050 et
952 3980 1030 4049 iure
1055 3985 1266 4072 patronatus
1293 3971 1318 4047 ii
1344 4002 1415 4071 que
1441 3979 1487 4051 ab
1522 3979 1596 4075 ipsa
1621 3981 1772 4058 ecclesia

430 4100 666 4173 obtinuerunt
684 4089 767 4189 ipsis
783 4103 821 4165 et
839 4093 917 4164 eius
930 4089 1123 4162 heredibus
1135 4101 1312 4184 perpetuo
1329 4093 1503 4184 priuatis·
1518 4091 1569 4165 Et
1586 4117 1634 4167 ne
1651 4099 1772 4170 minus

432 4211 590 4286 viuditta
605 4229 713 4303 quam
724 4199 884 4277 excessus
900 4203 1074 4276 memoria
1092 4211 1305 4297 prorogetur
1320 4204 1398 4274 eius
1415 4203 1520 4277 liberi
1536 4215 1686 4300 propter
1702 4210 1771 4283 boc

429 4321 607 4398 inhabiles
629 4313 843 4391 censeantur
859 4317 905 4390 ad
922 4313 1137 4388 beneficium
1155 4308 1433 4388 ecclesiasticum
1449 4317 1695 4408 obtinendum⁴
1706 4319 1773 4394 niti

428 4456 514 4511 cum
523 4434 576 4506 eis
587 4454 652 4528 per
660 4427 781 4502 sedem
793 4424 1024 4521 apostolicam
1034 4427 1144 4500 suerit
1154 4424 1260 4522 super
1268 4426 1337 4500 hoc
1347 4426 1624 4504 misericorditer
1633 4431 1776 4530 dispen-

428 4555 568 4631 ssttum·
586 4540 679 4638 ipsos
689 4541 799 4615 laicos
814 4550 855 4615 et
870 4564 996 4614 eorum
1009 4539 1209 4636 quemlibet
1224 4563 1248 4612 a
1263 4541 1358 4615 ditta
1374 4551 1414 4614 et
1430 4538 1613 4636 quibusvis
1624 4543 1705 4642 alijs
1717 4571 1776 4622 ec·

429 4653 633 4736 cleslasticis
648 4651 837 4747 sententijs
853 4649 1012 4728 censuris
1028 4666 1068 4730 et
1093 4655 1195 4749 penis
1212 4675 1301 4749 quas
1318 4651 1503 4728 occasione
1526 4654 1774 4752 premissorum

481 4791 567 4846 von.
587 4789 627 4841 ιι.
672 4783 674 4786 ·
1078 4773 1147 4840 21
