4526 5954
744 795 1051 870 ancrsraou
1083 791 1489 866 annanounusn.
1719 761 1804 868 aar

521 1107 641 1178 Fama
659 1127 840 1187 eurora·
862 1108 1007 1180 anrro
1025 1125 1205 1177 nrrsroun
1223 1121 1335 1173 nnarr
1354 1099 1487 1170 Iaconr
1506 1119 1682 1170 arosronr
1702 1139 1710 1154 ·

493 1327 693 1407 chariffimi
718 1335 900 1428 patientes
926 1325 1040 1401 estote
1067 1325 1176 1419 usquo
1201 1324 1245 1395 ad
1271 1324 1476 1395 aduentum
1501 1323 1637 1395 domini
1660 1366 1668 1382 ·
1689 1321 1786 1395 Ecce

443 1449 540 1518 enim
566 1444 723 1542 agricola
748 1444 917 1537 exposcat
943 1434 1142 1534 preciosum
1168 1436 1325 1506 nucum
1344 1443 1441 1506 terre
1457 1439 1639 1529 patienter
1666 1437 1784 1506 serens

443 1561 557 1632 donec
573 1558 728 1651 accipiat
745 1564 1019 1648 temporaneum
1038 1558 1077 1618 et
1094 1546 1291 1619 serotinum
1310 1587 1317 1603 ·
1339 1545 1526 1619 Patientea
1542 1549 1654 1643 igitur
1670 1545 1786 1619 estote

443 1683 481 1746 et
506 1695 569 1743 vos
608 1679 647 1742 et
684 1665 898 1738 confirmate
927 1661 1034 1733 corda
1064 1656 1180 1732 vestra
1215 1660 1386 1751 quoniam
1429 1660 1607 1732 aduentus
1648 1662 1784 1731 domini

443 1777 769 1879 appropinquabit·
786 1773 916 1846 Nolite
941 1769 1174 1868 ingemiscere
1202 1771 1329 1843 iratres
1353 1774 1391 1842 in
1417 1773 1633 1844 alterutrum
1653 1786 1784 1843 utnon

442 1893 676 1969 indicemini·
696 1887 908 1961 Ecceouim
934 1884 1045 1956 iudex
1071 1895 1157 1956 anta
1182 1886 1327 1954 ianuam
1349 1881 1542 1977 expediat·
1563 1883 1783 1977 Exemplum

443 2009 541 2079 enim
569 2004 723 2094 accipite
752 1999 882 2070 iratres
905 1991 1095 2070 charissimi
1113 1999 1234 2068 exitus
1259 1995 1345 2068 mali
1373 2006 1411 2066 et
1439 1995 1724 2092 longanimitatis
1746 2010 1785 2068 et

444 2119 573 2191 laboris
598 2123 637 2186 et
661 2111 841 2207 patientie
858 2111 1053 2206 prophetas
1076 2112 1136 2202 qui
1165 2108 1277 2180 locuti
1303 2106 1449 2180 suntin
1474 2111 1621 2181 nomine
1648 2110 1784 2181 domini

442 2225 551 2300 nostri
569 2223 651 2297 lesu
668 2219 802 2296 Ohn‘sti
820 2262 828 2280 ·

703 2557 828 2634 Fama
846 2582 969 2633 auara
987 2601 996 2618 ·
1015 2557 1163 2632 anrro
1181 2555 1283 2630 Isara
1303 2581 1509 2632 raoraara
1527 2599 1536 2616 ·

493 2789 575 2862 Hec
591 2789 681 2860 dicit
693 2787 862 2859 domiuus
877 2785 978 2858 Deus
996 2827 1004 2844 ·
1023 2777 1164 2857 Audite
1178 2807 1237 2855 me
1254 2787 1315 2877 qni
1334 2783 1523 2877 sequimini
1537 2787 1631 2879 quod
1652 2783 1785 2858 iustum

443 2897 497 2974 est
522 2909 560 2973 et
585 2899 736 2992 queritis
761 2898 949 2968 dominum
967 2936 977 2955 ·
996 2897 1194 2970 Attendite
1219 2897 1264 2968 ad
1291 2907 1433 2991 petram
1452 2899 1546 2968 vnde
1573 2893 1681 2970 excisi
1701 2896 1786 2971 estis

444 3012 544 3084 etad
561 3032 754 3084 cauernam
779 3009 848 3082 laci
875 3009 921 3081 de
946 3033 1017 3102 qua
1034 3005 1159 3105 precisi
1186 3005 1295 3080 estis·
1317 3009 1513 3081 Attendite
1536 3010 1580 3081 ad
1600 3011 1785 3083 Abraham

444 3135 583 3219 patrem
600 3118 758 3194 vestrum
785 3122 887 3194 etad
905 3120 1031 3194 Seram
1049 3144 1121 3215 quc
1146 3122 1287 3216 peperit
1300 3145 1363 3194 voa
1382 3157 1391 3175 ·
1409 3119 1505 3206 Quia
1523 3145 1632 3195 vnum
1661 3125 1786 3196 vocaui

444 3259 528 3308 eum
563 3243 602 3306 et
636 3233 809 3306 benedixi
835 3235 870 3306 oi
909 3244 949 3305 et
978 3234 1218 3328 multiplicaui
1253 3259 1337 3306 eum
1368 3274 1378 3291 ·
1410 3233 1664 3307 consolabitur
1701 3260 1787 3330 ergo

445 3349 611 3420 dominus
636 3345 736 3440 Syon
763 3353 802 3418 et
827 3342 1072 3418 consolabitur
1096 3368 1222 3418 onmes
1248 3347 1369 3418 ruinas
1394 3348 1473 3417 eina
1490 3387 1500 3405 ·
1520 3345 1569 3419 Et
1595 3358 1708 3441 ponet
1726 3350 1789 3420 de-

444 3459 577 3532 sertum
611 3459 690 3531 eiua
730 3451 829 3550 quali
863 3457 1012 3530 delicias
1058 3469 1098 3530 et
1132 3457 1361 3531 solitudinem
1397 3460 1475 3530 eius
1508 3454 1605 3553 quali
1640 3461 1787 3532 hortum

342 3613 345 3620 ·
445 3573 580 3645 domini
599 3611 607 3628 ·
626 3571 811 3643 Gaudium
837 3579 877 3640 et
902 3567 1022 3642 letitia
1047 3571 1256 3642 inuenietur
1272 3572 1309 3642 in
1327 3593 1371 3641 ea
1388 3611 1397 3626 ·
1415 3572 1611 3665 gratiarum
1637 3574 1731 3643 attio
1749 3585 1789 3644 et

446 3707 516 3756 vox
534 3684 649 3756 laudis
675 3724 683 3741 ·
711 3681 910 3754 Attendite
945 3682 990 3752 ad
1024 3705 1084 3752 mc
1119 3681 1250 3776 popule
1274 3704 1378 3754 meus
1404 3693 1443 3753 et
1471 3681 1586 3754 tribus
1620 3707 1702 3756 mea
1728 3709 1788 3757 me

446 3797 569 3870 audite
586 3836 595 3853 ·
615 3794 711 3880 Quia
736 3793 796 3866 lex
814 3817 837 3866 a
853 3815 913 3864 me
930 3795 1032 3866 exiet
1058 3805 1097 3865 et
1114 3794 1287 3866 iudicium
1313 3815 1437 3864 meum
1462 3794 1500 3865 in
1529 3792 1647 3866 lucem
1675 3819 1788 3889 popu·

446 3909 562 3981 lorum
579 3905 781 4001 requiescet
806 3947 815 3965 ·
845 3905 965 4000 Pmpe
989 3903 1043 3978 est
1072 3902 1186 3978 iustus
1212 3927 1315 3976 meua
1339 3945 1347 3963 ·
1371 3899 1527 4000 egressus
1553 3904 1606 3978 est
1633 3905 1790 3980 saluator

446 4042 549 4092 maus
574 4028 614 4091 et
640 4020 787 4092 brachia
819 4041 902 4090 mea
926 4018 1078 4112 populos
1101 4019 1315 4091 iudicabunt
1340 4057 1349 4074 ·
1389 4016 1457 4089 Me
1482 4018 1596 4090 insule
1621 4022 1789 4114 expatia-

446 4135 539 4205 bunt
572 4141 611 4203 et
640 4131 828 4204 brachium
861 4153 985 4203 meum
1019 4125 1248 4202 sustinebunt
1282 4171 1291 4188 ·
1328 4127 1469 4202 laenate
1496 4130 1618 4202 oculos
1653 4128 1789 4202 vestros

446 4247 484 4317 in
513 4243 631 4318 celum
662 4250 702 4316 et
728 4244 851 4316 videte
878 4239 944 4315 sub
969 4254 1066 4315 terra
1091 4239 1256 4313 deorsum
1294 4282 1302 4300 ·
1330 4239 1427 4325 Quia
1454 4241 1523 4314 celi
1551 4239 1640 4315 licut
1667 4243 1789 4314 fumus

448 4351 646 4450 liquescent
660 4407 663 4414 -
679 4363 719 4426 ot
743 4363 841 4427 terra
865 4349 958 4427 ficut
983 4349 1241 4426 vestimentum
1290 4363 1471 4426 atteretur
1499 4363 1538 4426 et
1567 4354 1788 4427 habitatores

448 4474 526 4544 eius
540 4464 634 4542 ficut
649 4467 718 4552 hec
739 4466 944 4539 interibunt
966 4465 1101 4540 ·Salua
1116 4475 1240 4538 autem
1258 4488 1341 4539 mea
1357 4467 1394 4538 in
1413 4465 1672 4561 sempitomum
1690 4469 1760 4540 erit
1778 4509 1787 4528 ·

403 4627 405 4630 -
448 4593 488 4656 et
504 4576 643 4655 iusticia
658 4601 742 4652 mea
758 4599 831 4651 non
845 4577 1018 4652 deliciet·
1038 4577 1179 4650 Audite
1198 4600 1257 4650 me
1274 4581 1335 4671 qui
1353 4576 1452 4651 scitia
1464 4573 1596 4650 iustum
1610 4619 1620 4640 ·
1634 4581 1789 4675 populus

448 4718 551 4771 meua
570 4731 579 4752 ·
597 4691 659 4766 lex
676 4713 761 4765 mea
775 4691 815 4763 in
835 4692 945 4764 corda
962 4713 1115 4780 eorum·
1135 4687 1263 4764 Nolite
1280 4691 1410 4764 timore
1426 4685 1657 4786 opprobrium
1674 4694 1792 4766 homi*
