<?xml version="1.0" encoding="UTF-8"?>
<!DOCTYPE html PUBLIC "-//W3C//DTD XHTML 1.0 Transitional//EN"
    "http://www.w3.org/TR/xhtml1/DTD/xhtml1-transitional.dtd">
<html xmlns="http://www.w3.org/1999/xhtml" xml:lang="en" lang="en">
 <head>
  <title>
</title>
<meta http-equiv="Content-Type" content="text/html;charset=utf-8" />
  <meta name='ocr-system' content='tesseract 3.04.00' />
  <meta name='ocr-capabilities' content='ocr_page ocr_carea ocr_par ocr_line ocrx_word'/>
</head>
<body>
  <div class='ocr_page' id='page_1' title='image "./registrumepisco00innegoog_0271.png"; bbox 0 0 4564 5968; ppageno 0'>
   <div class='ocr_carea' id='block_1_1' title="bbox 462 544 1799 688">
    <p class='ocr_par' dir='ltr' id='par_1_1' title="bbox 462 544 1799 688">
     <span class='ocr_line' id='line_1_1' title="bbox 462 544 1799 688; baseline 0.002 -29"><span class='ocrx_word' id='word_1_1' title='bbox 462 593 536 660; x_wconf 74' lang='lat' dir='ltr'><strong>act</strong></span> <span class='ocrx_word' id='word_1_2' title='bbox 592 544 600 560; x_wconf 82' lang='grc'><em>’</em></span> <span class='ocrx_word' id='word_1_3' title='bbox 983 583 1290 658; x_wconf 79' lang='lat' dir='ltr'><strong>nncrs&#39;rnom</strong></span> <span class='ocrx_word' id='word_1_4' title='bbox 1648 592 1799 688; x_wconf 63' lang='lat' dir='ltr'><strong>[secun</strong></span> 
     </span>
    </p>
   </div>
   <div class='ocr_carea' id='block_1_2' title="bbox 462 782 1801 993">
    <p class='ocr_par' dir='ltr' id='par_1_2' title="bbox 462 782 1801 993">
     <span class='ocr_line' id='line_1_2' title="bbox 463 782 1801 881; baseline 0.004 -24"><span class='ocrx_word' id='word_1_5' title='bbox 463 783 729 860; x_wconf 86' lang='lat' dir='ltr'><strong>Aberdonenfis</strong></span> <span class='ocrx_word' id='word_1_6' title='bbox 747 788 793 860; x_wconf 89' lang='lat' dir='ltr'><strong>de</strong></span> <span class='ocrx_word' id='word_1_7' title='bbox 810 809 881 881; x_wconf 92' lang='lat' dir='ltr'><strong>quo</strong></span> <span class='ocrx_word' id='word_1_8' title='bbox 909 783 1206 857; x_wconf 80' lang='lat' dir='ltr'><strong>commemoratio</strong></span> <span class='ocrx_word' id='word_1_9' title='bbox 1232 783 1277 856; x_wconf 89' lang='lat' dir='ltr'><strong>de</strong></span> <span class='ocrx_word' id='word_1_10' title='bbox 1304 785 1367 879; x_wconf 86' lang='lat' dir='ltr'><strong>xiij</strong></span> <span class='ocrx_word' id='word_1_11' title='bbox 1385 785 1414 858; x_wconf 76' lang='grc' dir='ltr'><strong>ἔ.</strong></span> <span class='ocrx_word' id='word_1_12' title='bbox 1433 783 1482 876; x_wconf 90' lang='lat' dir='ltr'><strong>iiij</strong></span> <span class='ocrx_word' id='word_1_13' title='bbox 1500 782 1537 855; x_wconf 81' lang='lat' dir='ltr'><strong>d.</strong></span> <span class='ocrx_word' id='word_1_14' title='bbox 1553 787 1600 858; x_wconf 91' lang='lat' dir='ltr'><strong>de</strong></span> <span class='ocrx_word' id='word_1_15' title='bbox 1619 785 1801 862; x_wconf 82' lang='lat' dir='ltr'><strong>manfione</strong></span> 
     </span>
     <span class='ocr_line' id='line_1_3' title="bbox 462 894 1575 993; baseline -0.004 -23"><span class='ocrx_word' id='word_1_16' title='bbox 462 895 599 972; x_wconf 88' lang='lat' dir='ltr'><strong>Thome</strong></span> <span class='ocrx_word' id='word_1_17' title='bbox 616 899 743 972; x_wconf 85' lang='lat' dir='ltr'><strong>Rowle</strong></span> <span class='ocrx_word' id='word_1_18' title='bbox 759 897 924 972; x_wconf 83' lang='lat' dir='ltr'><strong>leuandis</strong></span> <span class='ocrx_word' id='word_1_19' title='bbox 941 894 1131 968; x_wconf 85' lang='lat' dir='ltr'><strong>annuatim</strong></span> <span class='ocrx_word' id='word_1_20' title='bbox 1150 916 1215 989; x_wconf 88' lang='lat' dir='ltr'><strong>per</strong></span> <span class='ocrx_word' id='word_1_21' title='bbox 1231 897 1434 993; x_wconf 84' lang='lat' dir='ltr'><strong>capellanoa</strong></span> <span class='ocrx_word' id='word_1_22' title='bbox 1451 895 1549 968; x_wconf 89' lang='lat' dir='ltr'><strong>chori</strong></span> <span class='ocrx_word' id='word_1_23' title='bbox 1567 938 1575 954; x_wconf 90' lang='lat'><strong>·</strong></span> 
     </span>
    </p>
   </div>
   <div class='ocr_carea' id='block_1_3' title="bbox 463 1113 1798 1328">
    <p class='ocr_par' dir='ltr' id='par_1_3' title="bbox 463 1113 1798 1328">
     <span class='ocr_line' id='line_1_4' title="bbox 925 1113 1345 1194; baseline 0 -1"><span class='ocrx_word' id='word_1_24' title='bbox 925 1117 951 1192; x_wconf 89' lang='lat' dir='ltr'>J</span> <span class='ocrx_word' id='word_1_25' title='bbox 952 1118 1112 1189; x_wconf 78' lang='lat' dir='ltr'><strong>ohannes</strong></span> <span class='ocrx_word' id='word_1_26' title='bbox 1130 1113 1319 1194; x_wconf 77' lang='lat' dir='ltr'><strong>Eridanum</strong></span> <span class='ocrx_word' id='word_1_27' title='bbox 1337 1161 1345 1178; x_wconf 94' lang='lat'><strong>·</strong></span> 
     </span>
     <span class='ocr_line' id='line_1_5' title="bbox 463 1229 1798 1328; baseline -0.004 -20"><span class='ocrx_word' id='word_1_28' title='bbox 463 1234 586 1308; x_wconf 84' lang='lat' dir='ltr'><strong>Tertio</strong></span> <span class='ocrx_word' id='word_1_29' title='bbox 598 1234 687 1307; x_wconf 78' lang='lat' dir='ltr'><strong>Idus</strong></span> <span class='ocrx_word' id='word_1_30' title='bbox 705 1232 933 1328; x_wconf 76' lang='lat' dir='ltr'><strong>Septembris</strong></span> <span class='ocrx_word' id='word_1_31' title='bbox 946 1230 1067 1301; x_wconf 83' lang='lat' dir='ltr'><strong>obitus</strong></span> <span class='ocrx_word' id='word_1_32' title='bbox 1080 1230 1217 1301; x_wconf 89' lang='lat' dir='ltr'><strong>domini</strong></span> <span class='ocrx_word' id='word_1_33' title='bbox 1229 1231 1254 1302; x_wconf 91' lang='lat' dir='ltr'>J</span> <span class='ocrx_word' id='word_1_34' title='bbox 1256 1232 1405 1305; x_wconf 84' lang='lat' dir='ltr'><strong>ohannis</strong></span> <span class='ocrx_word' id='word_1_35' title='bbox 1419 1229 1627 1303; x_wconf 85' lang='lat' dir='ltr'><strong>Eddename</strong></span> <span class='ocrx_word' id='word_1_36' title='bbox 1637 1235 1798 1308; x_wconf 85' lang='lat' dir='ltr'><strong>canonici</strong></span> 
     </span>
    </p>
   </div>
   <div class='ocr_carea' id='block_1_4' title="bbox 464 1337 1797 1530">
    <p class='ocr_par' dir='ltr' id='par_1_4' title="bbox 464 1337 1797 1530">
     <span class='ocr_line' id='line_1_6' title="bbox 464 1337 1797 1437; baseline -0.001 -20"><span class='ocrx_word' id='word_1_37' title='bbox 464 1341 730 1420; x_wconf 83' lang='lat' dir='ltr'><strong>Aberdonensre</strong></span> <span class='ocrx_word' id='word_1_38' title='bbox 755 1345 801 1416; x_wconf 90' lang='lat' dir='ltr'><strong>de</strong></span> <span class='ocrx_word' id='word_1_39' title='bbox 822 1367 848 1414; x_wconf 88' lang='lat' dir='ltr'>x</span> <span class='ocrx_word' id='word_1_40' title='bbox 865 1345 895 1416; x_wconf 76' lang='grc' dir='ltr'><strong>ἔ.</strong></span> <span class='ocrx_word' id='word_1_41' title='bbox 914 1341 1078 1413; x_wconf 85' lang='lat' dir='ltr'><strong>leuandie</strong></span> <span class='ocrx_word' id='word_1_42' title='bbox 1103 1363 1168 1433; x_wconf 90' lang='lat' dir='ltr'><strong>pro</strong></span> <span class='ocrx_word' id='word_1_43' title='bbox 1190 1341 1431 1418; x_wconf 87' lang='lat' dir='ltr'><strong>anniuersario</strong></span> <span class='ocrx_word' id='word_1_44' title='bbox 1454 1337 1600 1437; x_wconf 76' lang='lat' dir='ltr'><strong>singulis</strong></span> <span class='ocrx_word' id='word_1_45' title='bbox 1626 1345 1729 1416; x_wconf 79' lang='lat' dir='ltr'><strong>annis</strong></span> <span class='ocrx_word' id='word_1_46' title='bbox 1751 1343 1797 1416; x_wconf 88' lang='lat' dir='ltr'><strong>de</strong></span> 
     </span>
     <span class='ocr_line' id='line_1_7' title="bbox 464 1450 1414 1530; baseline -0.001 -2"><span class='ocrx_word' id='word_1_47' title='bbox 464 1452 646 1530; x_wconf 74' lang='lat' dir='ltr'><strong>mansione</strong></span> <span class='ocrx_word' id='word_1_48' title='bbox 662 1458 709 1527; x_wconf 90' lang='lat' dir='ltr'><strong>de</strong></span> <span class='ocrx_word' id='word_1_49' title='bbox 726 1453 923 1526; x_wconf 87' lang='lat' dir='ltr'><strong>Methelek</strong></span> <span class='ocrx_word' id='word_1_50' title='bbox 940 1451 985 1524; x_wconf 87' lang='lat' dir='ltr'><strong>nd</strong></span> <span class='ocrx_word' id='word_1_51' title='bbox 1004 1450 1094 1522; x_wconf 81' lang='lat' dir='ltr'><strong>duos</strong></span> <span class='ocrx_word' id='word_1_52' title='bbox 1110 1452 1196 1523; x_wconf 86' lang='lat' dir='ltr'><strong>anni</strong></span> <span class='ocrx_word' id='word_1_53' title='bbox 1215 1458 1387 1528; x_wconf 81' lang='lat' dir='ltr'><strong>terminer</strong></span> <span class='ocrx_word' id='word_1_54' title='bbox 1405 1495 1414 1512; x_wconf 92' lang='lat'><strong>·</strong></span> 
     </span>
    </p>
   </div>
   <div class='ocr_carea' id='block_1_5' title="bbox 467 1671 1798 1863">
    <p class='ocr_par' dir='ltr' id='par_1_5' title="bbox 467 1671 1798 1863">
     <span class='ocr_line' id='line_1_8' title="bbox 983 1671 1293 1750; baseline 0.013 -4"><span class='ocrx_word' id='word_1_55' title='bbox 983 1673 1105 1746; x_wconf 83' lang='lat' dir='ltr'><strong>Adam</strong></span> <span class='ocrx_word' id='word_1_56' title='bbox 1123 1671 1293 1750; x_wconf 82' lang='lat' dir='ltr'><strong>Forstar·</strong></span> 
     </span>
     <span class='ocr_line' id='line_1_9' title="bbox 467 1783 1798 1863; baseline -0.002 0"><span class='ocrx_word' id='word_1_57' title='bbox 467 1791 616 1862; x_wconf 88' lang='lat' dir='ltr'><strong>Decimo</strong></span> <span class='ocrx_word' id='word_1_58' title='bbox 633 1788 742 1858; x_wconf 90' lang='lat' dir='ltr'><strong>tertio</strong></span> <span class='ocrx_word' id='word_1_59' title='bbox 760 1784 934 1858; x_wconf 82' lang='lat' dir='ltr'><strong>kalendae</strong></span> <span class='ocrx_word' id='word_1_60' title='bbox 947 1783 1115 1858; x_wconf 78' lang='lat' dir='ltr'><strong>Ottobrie</strong></span> <span class='ocrx_word' id='word_1_61' title='bbox 1132 1786 1255 1861; x_wconf 77' lang='lat' dir='ltr'><strong>obitus</strong></span> <span class='ocrx_word' id='word_1_62' title='bbox 1271 1791 1406 1862; x_wconf 89' lang='lat' dir='ltr'><strong>domini</strong></span> <span class='ocrx_word' id='word_1_63' title='bbox 1421 1790 1504 1863; x_wconf 84' lang='lat' dir='ltr'><strong>Ade</strong></span> <span class='ocrx_word' id='word_1_64' title='bbox 1518 1785 1657 1862; x_wconf 84' lang='lat' dir='ltr'><strong>Forstar</strong></span> <span class='ocrx_word' id='word_1_65' title='bbox 1674 1790 1798 1861; x_wconf 80' lang='lat' dir='ltr'><strong>militis</strong></span> 
     </span>
    </p>
   </div>
   <div class='ocr_carea' id='block_1_6' title="bbox 463 1897 1798 2104">
    <p class='ocr_par' dir='ltr' id='par_1_6' title="bbox 463 1897 1798 2104">
     <span class='ocr_line' id='line_1_10' title="bbox 463 1897 1798 1994; baseline 0 -20"><span class='ocrx_word' id='word_1_66' title='bbox 463 1903 609 1994; x_wconf 88' lang='lat' dir='ltr'><strong>dequo</strong></span> <span class='ocrx_word' id='word_1_67' title='bbox 638 1897 934 1970; x_wconf 81' lang='lat' dir='ltr'><strong>commemoratio</strong></span> <span class='ocrx_word' id='word_1_68' title='bbox 967 1898 1158 1970; x_wconf 77' lang='lat' dir='ltr'><strong>annuatim</strong></span> <span class='ocrx_word' id='word_1_69' title='bbox 1187 1923 1253 1994; x_wconf 87' lang='lat' dir='ltr'><strong>pro</strong></span> <span class='ocrx_word' id='word_1_70' title='bbox 1281 1901 1521 1975; x_wconf 86' lang='lat' dir='ltr'><strong>anniuersario</strong></span> <span class='ocrx_word' id='word_1_71' title='bbox 1551 1902 1596 1976; x_wconf 88' lang='lat' dir='ltr'><strong>dc</strong></span> <span class='ocrx_word' id='word_1_72' title='bbox 1623 1903 1727 1974; x_wconf 82' lang='lat' dir='ltr'><strong>terris</strong></span> <span class='ocrx_word' id='word_1_73' title='bbox 1753 1903 1798 1974; x_wconf 88' lang='lat' dir='ltr'><strong>de</strong></span> 
     </span>
     <span class='ocr_line' id='line_1_11' title="bbox 463 2003 970 2104; baseline -0.012 -18"><span class='ocrx_word' id='word_1_74' title='bbox 463 2006 735 2104; x_wconf 76' lang='lat' dir='ltr'><strong>Anchynstyuk</strong></span> <span class='ocrx_word' id='word_1_75' title='bbox 753 2009 787 2102; x_wconf 86' lang='lat' dir='ltr'><strong>vj</strong></span> <span class='ocrx_word' id='word_1_76' title='bbox 806 2009 836 2081; x_wconf 74' lang='grc' dir='ltr'><strong>ἔ.</strong></span> <span class='ocrx_word' id='word_1_77' title='bbox 854 2009 915 2103; x_wconf 80' lang='lat' dir='ltr'><strong>viij</strong></span> <span class='ocrx_word' id='word_1_78' title='bbox 933 2003 970 2080; x_wconf 80' lang='lat' dir='ltr'><strong>d.</strong></span> 
     </span>
    </p>
   </div>
   <div class='ocr_carea' id='block_1_7' title="bbox 461 2231 1799 2670">
    <p class='ocr_par' dir='ltr' id='par_1_7' title="bbox 461 2231 1799 2670">
     <span class='ocr_line' id='line_1_12' title="bbox 970 2231 1303 2308; baseline 0.012 -3"><span class='ocrx_word' id='word_1_79' title='bbox 970 2231 1113 2306; x_wconf 79' lang='lat' dir='ltr'><strong>Alanus</strong></span> <span class='ocrx_word' id='word_1_80' title='bbox 1130 2233 1278 2308; x_wconf 70' lang='lat' dir='ltr'><strong>lintheo</strong></span> <span class='ocrx_word' id='word_1_81' title='bbox 1295 2277 1303 2296; x_wconf 91' lang='lat'><strong>·</strong></span> 
     </span>
     <span class='ocr_line' id='line_1_13' title="bbox 463 2343 1799 2446; baseline 0 -24"><span class='ocrx_word' id='word_1_82' title='bbox 463 2349 666 2422; x_wconf 88' lang='lat' dir='ltr'><strong>Vndecimo</strong></span> <span class='ocrx_word' id='word_1_83' title='bbox 685 2345 859 2418; x_wconf 84' lang='lat' dir='ltr'><strong>kalendae</strong></span> <span class='ocrx_word' id='word_1_84' title='bbox 875 2343 1043 2419; x_wconf 74' lang='lat' dir='ltr'><strong>Ostobris</strong></span> <span class='ocrx_word' id='word_1_85' title='bbox 1055 2347 1338 2422; x_wconf 86' lang='lat' dir='ltr'><strong>anniuersarium</strong></span> <span class='ocrx_word' id='word_1_86' title='bbox 1351 2346 1508 2446; x_wconf 82' lang='lat' dir='ltr'><strong>magistri</strong></span> <span class='ocrx_word' id='word_1_87' title='bbox 1525 2349 1635 2421; x_wconf 88' lang='lat' dir='ltr'><strong>Alani</strong></span> <span class='ocrx_word' id='word_1_88' title='bbox 1654 2347 1799 2422; x_wconf 78' lang='lat' dir='ltr'><strong>Fwtlrea</strong></span> 
     </span>
     <span class='ocr_line' id='line_1_14' title="bbox 461 2454 1796 2552; baseline -0.003 -16"><span class='ocrx_word' id='word_1_89' title='bbox 461 2460 617 2536; x_wconf 85' lang='lat' dir='ltr'><strong>secunda</strong></span> <span class='ocrx_word' id='word_1_90' title='bbox 634 2460 712 2532; x_wconf 85' lang='lat' dir='ltr'><strong>vice</strong></span> <span class='ocrx_word' id='word_1_91' title='bbox 729 2459 793 2552; x_wconf 87' lang='lat' dir='ltr'><strong>xiij</strong></span> <span class='ocrx_word' id='word_1_92' title='bbox 812 2459 842 2530; x_wconf 73' lang='lat' dir='ltr'><strong>i.</strong></span> <span class='ocrx_word' id='word_1_93' title='bbox 860 2457 910 2552; x_wconf 87' lang='lat' dir='ltr'><strong>iiij</strong></span> <span class='ocrx_word' id='word_1_94' title='bbox 929 2454 966 2530; x_wconf 80' lang='lat' dir='ltr'><strong>d.</strong></span> <span class='ocrx_word' id='word_1_95' title='bbox 985 2456 1150 2533; x_wconf 84' lang='lat' dir='ltr'><strong>leuandia</strong></span> <span class='ocrx_word' id='word_1_96' title='bbox 1166 2462 1354 2534; x_wconf 87' lang='lat' dir='ltr'><strong>annuatim</strong></span> <span class='ocrx_word' id='word_1_97' title='bbox 1380 2461 1426 2532; x_wconf 88' lang='lat' dir='ltr'><strong>de</strong></span> <span class='ocrx_word' id='word_1_98' title='bbox 1451 2459 1608 2531; x_wconf 88' lang='lat' dir='ltr'><strong>dominio</strong></span> <span class='ocrx_word' id='word_1_99' title='bbox 1635 2459 1680 2532; x_wconf 89' lang='lat' dir='ltr'><strong>de</strong></span> <span class='ocrx_word' id='word_1_100' title='bbox 1700 2458 1796 2532; x_wconf 84' lang='lat' dir='ltr'><strong>Glak</strong></span> 
     </span>
     <span class='ocr_line' id='line_1_15' title="bbox 461 2571 1253 2670; baseline -0.004 -24"><span class='ocrx_word' id='word_1_101' title='bbox 461 2598 527 2670; x_wconf 91' lang='lat' dir='ltr'><strong>per</strong></span> <span class='ocrx_word' id='word_1_102' title='bbox 542 2581 809 2670; x_wconf 87' lang='lat' dir='ltr'><strong>procuratorem</strong></span> <span class='ocrx_word' id='word_1_103' title='bbox 827 2593 1058 2643; x_wconf 84' lang='lat' dir='ltr'><strong>communem</strong></span> <span class='ocrx_word' id='word_1_104' title='bbox 1076 2571 1227 2666; x_wconf 86' lang='lat' dir='ltr'><strong>capituli</strong></span> <span class='ocrx_word' id='word_1_105' title='bbox 1245 2611 1253 2630; x_wconf 89' lang='lat'><strong>·</strong></span> 
     </span>
    </p>
   </div>
   <div class='ocr_carea' id='block_1_8' title="bbox 460 2790 1797 3318">
    <p class='ocr_par' dir='ltr' id='par_1_8' title="bbox 460 2790 1797 3318">
     <span class='ocr_line' id='line_1_16' title="bbox 928 2790 1331 2888; baseline 0.012 -27"><span class='ocrx_word' id='word_1_106' title='bbox 928 2790 1140 2864; x_wconf 83' lang='lat' dir='ltr'><strong>Willelmue</strong></span> <span class='ocrx_word' id='word_1_107' title='bbox 1157 2790 1307 2888; x_wconf 82' lang='lat' dir='ltr'><strong>Squar</strong></span> <span class='ocrx_word' id='word_1_108' title='bbox 1323 2835 1331 2852; x_wconf 93' lang='lat'><strong>·</strong></span> 
     </span>
     <span class='ocr_line' id='line_1_17' title="bbox 461 2903 1796 2996; baseline 0.001 -14"><span class='ocrx_word' id='word_1_109' title='bbox 461 2911 599 2996; x_wconf 87' lang='lat' dir='ltr'><strong>Quinto</strong></span> <span class='ocrx_word' id='word_1_110' title='bbox 616 2905 790 2980; x_wconf 83' lang='lat' dir='ltr'><strong>kalendae</strong></span> <span class='ocrx_word' id='word_1_111' title='bbox 808 2903 1031 2976; x_wconf 76' lang='lat' dir='ltr'><strong>Nouembris</strong></span> <span class='ocrx_word' id='word_1_112' title='bbox 1042 2903 1164 2975; x_wconf 83' lang='lat' dir='ltr'><strong>obitur</strong></span> <span class='ocrx_word' id='word_1_113' title='bbox 1178 2903 1273 2977; x_wconf 87' lang='lat' dir='ltr'><strong>bone</strong></span> <span class='ocrx_word' id='word_1_114' title='bbox 1285 2909 1458 2979; x_wconf 85' lang='lat' dir='ltr'><strong>memorie</strong></span> <span class='ocrx_word' id='word_1_115' title='bbox 1469 2907 1604 2980; x_wconf 86' lang='lat' dir='ltr'><strong>domini</strong></span> <span class='ocrx_word' id='word_1_116' title='bbox 1617 2909 1796 2984; x_wconf 86' lang='lat' dir='ltr'><strong>Willclmi</strong></span> 
     </span>
     <span class='ocr_line' id='line_1_18' title="bbox 461 3001 1797 3116; baseline 0.005 -25"><span class='ocrx_word' id='word_1_117' title='bbox 461 3023 630 3116; x_wconf 75' lang='lat' dir='ltr'><strong>Square</strong></span> <span class='ocrx_word' id='word_1_118' title='bbox 646 3019 692 3090; x_wconf 86' lang='lat' dir='ltr'><strong>de</strong></span> <span class='ocrx_word' id='word_1_119' title='bbox 709 3040 781 3110; x_wconf 91' lang='lat' dir='ltr'><strong>quo</strong></span> <span class='ocrx_word' id='word_1_120' title='bbox 807 3017 1103 3090; x_wconf 82' lang='lat' dir='ltr'><strong>commemoratio</strong></span> <span class='ocrx_word' id='word_1_121' title='bbox 1122 3015 1167 3087; x_wconf 88' lang='lat' dir='ltr'><strong>de</strong></span> <span class='ocrx_word' id='word_1_122' title='bbox 1184 3017 1309 3089; x_wconf 87' lang='lat' dir='ltr'><strong>decem</strong></span> <span class='ocrx_word' id='word_1_123' title='bbox 1336 3015 1456 3089; x_wconf 80' lang='lat' dir='ltr'><strong>solidis</strong></span> <span class='ocrx_word' id='word_1_124' title='bbox 1481 3018 1526 3092; x_wconf 89' lang='lat' dir='ltr'><strong>de</strong></span> <span class='ocrx_word' id='word_1_125' title='bbox 1552 3001 1731 3096; x_wconf 71' lang='lat' dir='ltr'><strong>mansione</strong></span> <span class='ocrx_word' id='word_1_126' title='bbox 1751 3024 1797 3098; x_wconf 88' lang='lat' dir='ltr'><strong>de</strong></span> 
     </span>
     <span class='ocr_line' id='line_1_19' title="bbox 461 3125 1796 3230; baseline 0.001 -24"><span class='ocrx_word' id='word_1_127' title='bbox 461 3129 650 3206; x_wconf 86' lang='lat' dir='ltr'><strong>Murthelo</strong></span> <span class='ocrx_word' id='word_1_128' title='bbox 671 3130 861 3204; x_wconf 86' lang='lat' dir='ltr'><strong>annuatim</strong></span> <span class='ocrx_word' id='word_1_129' title='bbox 884 3136 923 3200; x_wconf 90' lang='lat' dir='ltr'><strong>et</strong></span> <span class='ocrx_word' id='word_1_130' title='bbox 944 3150 1009 3224; x_wconf 89' lang='lat' dir='ltr'><strong>pro</strong></span> <span class='ocrx_word' id='word_1_131' title='bbox 1031 3128 1154 3200; x_wconf 87' lang='lat' dir='ltr'><strong>anima</strong></span> <span class='ocrx_word' id='word_1_132' title='bbox 1175 3125 1336 3224; x_wconf 78' lang='lat' dir='ltr'><strong>magistri</strong></span> <span class='ocrx_word' id='word_1_133' title='bbox 1354 3128 1545 3202; x_wconf 77' lang='lat' dir='ltr'><strong>cuthberti</strong></span> <span class='ocrx_word' id='word_1_134' title='bbox 1573 3133 1796 3230; x_wconf 86' lang='lat' dir='ltr'><strong>prebendarij</strong></span> 
     </span>
     <span class='ocr_line' id='line_1_20' title="bbox 460 3243 640 3318; baseline -0.011 0"><span class='ocrx_word' id='word_1_135' title='bbox 460 3243 617 3318; x_wconf 88' lang='lat' dir='ltr'><strong>eiusdem</strong></span> <span class='ocrx_word' id='word_1_136' title='bbox 631 3283 640 3300; x_wconf 94' lang='lat'><strong>·</strong></span> 
     </span>
    </p>
   </div>
   <div class='ocr_carea' id='block_1_9' title="bbox 463 3462 1797 4229">
    <p class='ocr_par' dir='ltr' id='par_1_9' title="bbox 463 3462 1797 4229">
     <span class='ocr_line' id='line_1_21' title="bbox 899 3462 1379 3538; baseline -0.002 -1"><span class='ocrx_word' id='word_1_137' title='bbox 899 3463 1116 3538; x_wconf 79' lang='lat' dir='ltr'><strong>Laurentiue</strong></span> <span class='ocrx_word' id='word_1_138' title='bbox 1134 3462 1379 3538; x_wconf 87' lang='lat' dir='ltr'><strong>Dunoanson·</strong></span> 
     </span>
     <span class='ocr_line' id='line_1_22' title="bbox 464 3575 1797 3678; baseline 0 -23"><span class='ocrx_word' id='word_1_139' title='bbox 464 3582 588 3655; x_wconf 76' lang='lat' dir='ltr'><strong>idibus</strong></span> <span class='ocrx_word' id='word_1_140' title='bbox 603 3578 824 3651; x_wconf 89' lang='lat' dir='ltr'><strong>Nouembris</strong></span> <span class='ocrx_word' id='word_1_141' title='bbox 835 3575 1004 3674; x_wconf 84' lang='lat' dir='ltr'><strong>magister</strong></span> <span class='ocrx_word' id='word_1_142' title='bbox 1011 3577 1234 3651; x_wconf 78' lang='lat' dir='ltr'><strong>Laurenciua</strong></span> <span class='ocrx_word' id='word_1_143' title='bbox 1241 3575 1409 3650; x_wconf 85' lang='lat' dir='ltr'><strong>Duncani</strong></span> <span class='ocrx_word' id='word_1_144' title='bbox 1424 3578 1574 3650; x_wconf 76' lang='lat' dir='ltr'><strong>vicarius</strong></span> <span class='ocrx_word' id='word_1_145' title='bbox 1583 3577 1797 3678; x_wconf 77' lang='lat' dir='ltr'><strong>dehongley</strong></span> 
     </span>
     <span class='ocr_line' id='line_1_23' title="bbox 463 3688 1797 3788; baseline 0 -20"><span class='ocrx_word' id='word_1_146' title='bbox 463 3690 621 3768; x_wconf 88' lang='lat' dir='ltr'><strong>contulit</strong></span> <span class='ocrx_word' id='word_1_147' title='bbox 637 3689 717 3762; x_wconf 89' lang='lat' dir='ltr'><strong>Deo</strong></span> <span class='ocrx_word' id='word_1_148' title='bbox 743 3691 985 3786; x_wconf 86' lang='lat' dir='ltr'><strong>omnipotenti</strong></span> <span class='ocrx_word' id='word_1_149' title='bbox 1012 3703 1050 3764; x_wconf 89' lang='lat' dir='ltr'><strong>et</strong></span> <span class='ocrx_word' id='word_1_150' title='bbox 1074 3688 1226 3786; x_wconf 82' lang='lat' dir='ltr'><strong>gloriose</strong></span> <span class='ocrx_word' id='word_1_151' title='bbox 1252 3689 1380 3785; x_wconf 85' lang='lat' dir='ltr'><strong>virgini</strong></span> <span class='ocrx_word' id='word_1_152' title='bbox 1408 3688 1528 3761; x_wconf 85' lang='lat' dir='ltr'><strong>Maria</strong></span> <span class='ocrx_word' id='word_1_153' title='bbox 1544 3714 1585 3762; x_wconf 91' lang='lat' dir='ltr'><strong>ac</strong></span> <span class='ocrx_word' id='word_1_154' title='bbox 1603 3692 1797 3788; x_wconf 78' lang='lat' dir='ltr'><strong>capellania</strong></span> 
     </span>
     <span class='ocr_line' id='line_1_24' title="bbox 464 3797 1796 3896; baseline -0.001 -16"><span class='ocrx_word' id='word_1_155' title='bbox 464 3807 570 3880; x_wconf 85' lang='lat' dir='ltr'><strong>huiua</strong></span> <span class='ocrx_word' id='word_1_156' title='bbox 596 3797 745 3876; x_wconf 76' lang='lat' dir='ltr'><strong>ecclesie</strong></span> <span class='ocrx_word' id='word_1_157' title='bbox 771 3825 823 3874; x_wconf 84' lang='lat' dir='ltr'><strong>xx</strong></span> <span class='ocrx_word' id='word_1_158' title='bbox 848 3805 878 3876; x_wconf 77' lang='grc' dir='ltr'><strong>ἔ.</strong></span> <span class='ocrx_word' id='word_1_159' title='bbox 904 3803 1093 3876; x_wconf 89' lang='lat' dir='ltr'><strong>annuatim</strong></span> <span class='ocrx_word' id='word_1_160' title='bbox 1118 3801 1292 3875; x_wconf 85' lang='lat' dir='ltr'><strong>leuandoa</strong></span> <span class='ocrx_word' id='word_1_161' title='bbox 1318 3801 1364 3874; x_wconf 87' lang='lat' dir='ltr'><strong>dc</strong></span> <span class='ocrx_word' id='word_1_162' title='bbox 1390 3801 1414 3896; x_wconf 88' lang='lat' dir='ltr'><strong>ij</strong></span> <span class='ocrx_word' id='word_1_163' title='bbox 1441 3801 1574 3874; x_wconf 78' lang='lat' dir='ltr'><strong>ommis</strong></span> <span class='ocrx_word' id='word_1_164' title='bbox 1603 3814 1643 3876; x_wconf 90' lang='lat' dir='ltr'><strong>et</strong></span> <span class='ocrx_word' id='word_1_165' title='bbox 1674 3805 1796 3879; x_wconf 86' lang='lat' dir='ltr'><strong>manso</strong></span> 
     </span>
     <span class='ocr_line' id='line_1_25' title="bbox 463 3905 1797 4018; baseline 0.004 -31"><span class='ocrx_word' id='word_1_166' title='bbox 463 3911 641 3987; x_wconf 80' lang='lat' dir='ltr'><strong>lobannis</strong></span> <span class='ocrx_word' id='word_1_167' title='bbox 653 3907 801 4002; x_wconf 84' lang='lat' dir='ltr'><strong>Kyntor</strong></span> <span class='ocrx_word' id='word_1_168' title='bbox 817 3905 1002 4006; x_wconf 73' lang='lat' dir='ltr'><strong>burgensis</strong></span> <span class='ocrx_word' id='word_1_169' title='bbox 1018 3911 1064 3982; x_wconf 86' lang='lat' dir='ltr'><strong>de</strong></span> <span class='ocrx_word' id='word_1_170' title='bbox 1081 3909 1278 3984; x_wconf 83' lang='lat' dir='ltr'><strong>Abcrdene</strong></span> <span class='ocrx_word' id='word_1_171' title='bbox 1295 3935 1359 4007; x_wconf 87' lang='lat' dir='ltr'><strong>pro</strong></span> <span class='ocrx_word' id='word_1_172' title='bbox 1375 3909 1612 4018; x_wconf 86' lang='lat' dir='ltr'><strong>anniuersario</strong></span> <span class='ocrx_word' id='word_1_173' title='bbox 1624 3912 1686 3988; x_wconf 88' lang='lat' dir='ltr'><strong>suo</strong></span> <span class='ocrx_word' id='word_1_174' title='bbox 1702 3917 1797 3992; x_wconf 85' lang='lat' dir='ltr'><strong>eele-</strong></span> 
     </span>
     <span class='ocr_line' id='line_1_26' title="bbox 466 4017 1796 4118; baseline 0.002 -18"><span class='ocrx_word' id='word_1_175' title='bbox 466 4025 602 4100; x_wconf 86' lang='lat' dir='ltr'><strong>brando</strong></span> <span class='ocrx_word' id='word_1_176' title='bbox 618 4021 807 4095; x_wconf 86' lang='lat' dir='ltr'><strong>annuatim</strong></span> <span class='ocrx_word' id='word_1_177' title='bbox 825 4022 862 4094; x_wconf 91' lang='lat' dir='ltr'><strong>in</strong></span> <span class='ocrx_word' id='word_1_178' title='bbox 881 4017 1035 4095; x_wconf 83' lang='lat' dir='ltr'><strong>crastino</strong></span> <span class='ocrx_word' id='word_1_179' title='bbox 1052 4019 1163 4096; x_wconf 76' lang='lat' dir='ltr'><strong>scotti</strong></span> <span class='ocrx_word' id='word_1_180' title='bbox 1186 4022 1388 4118; x_wconf 77' lang='lat' dir='ltr'><strong>Mauclrorij</strong></span> <span class='ocrx_word' id='word_1_181' title='bbox 1406 4046 1489 4098; x_wconf 88' lang='lat' dir='ltr'><strong>cum</strong></span> <span class='ocrx_word' id='word_1_182' title='bbox 1506 4027 1565 4098; x_wconf 82' lang='lat' dir='ltr'><strong>in·</strong></span> <span class='ocrx_word' id='word_1_183' title='bbox 1584 4025 1796 4103; x_wconf 71' lang='lat' dir='ltr'><strong>lectionibus</strong></span> 
     </span>
     <span class='ocr_line' id='line_1_27' title="bbox 463 4127 1647 4229; baseline -0.001 -18"><span class='ocrx_word' id='word_1_184' title='bbox 463 4147 502 4212; x_wconf 89' lang='lat' dir='ltr'><strong>et</strong></span> <span class='ocrx_word' id='word_1_185' title='bbox 520 4131 629 4209; x_wconf 84' lang='lat' dir='ltr'><strong>millia</strong></span> <span class='ocrx_word' id='word_1_186' title='bbox 645 4135 683 4206; x_wconf 91' lang='lat' dir='ltr'><strong>in</strong></span> <span class='ocrx_word' id='word_1_187' title='bbox 701 4128 856 4206; x_wconf 83' lang='lat' dir='ltr'><strong>crastino</strong></span> <span class='ocrx_word' id='word_1_188' title='bbox 872 4127 1100 4228; x_wconf 77' lang='lat' dir='ltr'><strong>singulariter</strong></span> <span class='ocrx_word' id='word_1_189' title='bbox 1116 4145 1225 4229; x_wconf 89' lang='lat' dir='ltr'><strong>prout</strong></span> <span class='ocrx_word' id='word_1_190' title='bbox 1242 4137 1280 4208; x_wconf 91' lang='lat' dir='ltr'><strong>in</strong></span> <span class='ocrx_word' id='word_1_191' title='bbox 1297 4138 1405 4209; x_wconf 75' lang='lat' dir='ltr'><strong>rania</strong></span> <span class='ocrx_word' id='word_1_192' title='bbox 1421 4140 1647 4210; x_wconf 90' lang='lat' dir='ltr'><strong>continetur·</strong></span> 
     </span>
    </p>
   </div>
   <div class='ocr_carea' id='block_1_10' title="bbox 464 4353 1793 4566">
    <p class='ocr_par' dir='ltr' id='par_1_10' title="bbox 464 4353 1793 4566">
     <span class='ocr_line' id='line_1_28' title="bbox 928 4353 1333 4454; baseline 0.017 -28"><span class='ocrx_word' id='word_1_193' title='bbox 928 4353 1138 4430; x_wconf 84' lang='lat' dir='ltr'><strong>Willclmua</strong></span> <span class='ocrx_word' id='word_1_194' title='bbox 1154 4356 1309 4454; x_wconf 76' lang='lat' dir='ltr'><strong>Calabyr</strong></span> <span class='ocrx_word' id='word_1_195' title='bbox 1326 4403 1333 4420; x_wconf 93' lang='lat'><strong>·</strong></span> 
     </span>
     <span class='ocr_line' id='line_1_29' title="bbox 464 4467 1793 4566; baseline 0.004 -21"><span class='ocrx_word' id='word_1_196' title='bbox 464 4472 615 4546; x_wconf 86' lang='lat' dir='ltr'><strong>Decimo</strong></span> <span class='ocrx_word' id='word_1_197' title='bbox 631 4473 760 4566; x_wconf 88' lang='lat' dir='ltr'><strong>quinto</strong></span> <span class='ocrx_word' id='word_1_198' title='bbox 777 4467 951 4542; x_wconf 77' lang='lat' dir='ltr'><strong>kalendae</strong></span> <span class='ocrx_word' id='word_1_199' title='bbox 965 4467 1178 4543; x_wconf 71' lang='lat' dir='ltr'><strong>Decembris</strong></span> <span class='ocrx_word' id='word_1_200' title='bbox 1194 4470 1315 4544; x_wconf 81' lang='lat' dir='ltr'><strong>obitur</strong></span> <span class='ocrx_word' id='word_1_201' title='bbox 1326 4471 1421 4546; x_wconf 85' lang='lat' dir='ltr'><strong>bone</strong></span> <span class='ocrx_word' id='word_1_202' title='bbox 1434 4475 1604 4546; x_wconf 88' lang='lat' dir='ltr'><strong>memorie</strong></span> <span class='ocrx_word' id='word_1_203' title='bbox 1618 4471 1793 4550; x_wconf 85' lang='lat' dir='ltr'><strong>Willelnri</strong></span> 
     </span>
    </p>
   </div>
   <div class='ocr_carea' id='block_1_11' title="bbox 0 0 2286 5968">
    <p class='ocr_par' dir='ltr' id='par_1_11' title="bbox 0 0 2286 5968">
     <span class='ocr_line' id='line_1_30' title="bbox 0 0 2286 5968; baseline 0 1"><span class='ocrx_word' id='word_1_204' title='bbox 0 0 2286 5968; x_wconf 95' lang='lat' dir='ltr'><strong> </strong></span> 
     </span>
    </p>
   </div>
  </div>
 </body>
</html>
