4612 5964
969 716 1279 792 REGISTRUM
1643 721 1795 815 [seeum

571 1461 827 1562 siarum
862 1459 1159 1560 EOOLESIE
1195 1459 1670 1561 ABERDONENSIS.

451 1903 563 2000 Copia
580 1859 680 1977 balle
698 1904 821 1996 vigore
838 1901 943 1971 cuius
959 1899 1110 1972 condita
1126 1897 1211 1972 sunt
1228 1899 1365 1973 statuta
1381 1898 1564 1994 sequentia
1581 1943 1589 1958 ·

451 2101 643 2200 Omnibus
659 2117 794 2194 Clrristi
811 2117 980 2190 lidelibua
997 2116 1201 2211 presentem
1220 2123 1388 2214 paginam
1404 2121 1525 2194 rilirris
1543 2121 1601 2194 vel
1617 2123 1793 2196 audituris

452 2237 581 2307 Petrus
607 2230 835 2303 miseratione
853 2228 980 2299 diuina
1005 2225 1169 2300 minister
1193 2225 1343 2302 ecclesie
1361 2231 1624 2306 Aberdonensrs
1639 2232 1790 2307 salutem

450 2358 611 2419 eternam
643 2344 680 2413 in
708 2342 866 2412 Domino
888 2376 898 2395 ·
921 2336 1080 2410 Nouerit
1107 2335 1318 2410 vniuerfitas
1345 2338 1456 2412 vestra
1485 2365 1551 2413 nos
1580 2345 1791 2416 mandatum

451 2458 586 2528 domini
614 2453 822 2544 Irruocencij
851 2471 944 2544 pape
961 2451 1081 2542 quarti
1099 2447 1164 2520 sub
1183 2451 1248 2522 liae
1267 2450 1382 2522 sorma
1403 2448 1569 2544 recepilse
1586 2493 1596 2510 ·
1616 2453 1793 2527 Innocen-

450 2571 528 2640 eiua
561 2561 747 2660 episcopus
781 2559 906 2634 semus
939 2556 1125 2632 seruorum
1161 2559 1233 2633 Dei
1267 2561 1459 2634 venerabili
1493 2562 1595 2634 fratri
1628 2561 1792 2658 episeopo

451 2671 699 2752 Aberdonenli
727 2672 880 2746 salutem
907 2682 946 2744 et
971 2667 1203 2764 apostolicam
1230 2671 1512 2744 benedistionem
1535 2684 1603 2746 -vt
1628 2675 1793 2747 Aberdo-

451 2785 570 2863 neniis
598 2782 749 2859 ecclesia
773 2787 811 2856 in
838 2780 1085 2878 spiritualibus
1109 2781 1237 2855 florere
1260 2783 1380 2854 valcat
1404 2794 1440 2856 et
1468 2785 1506 2856 in
1535 2787 1792 2880 temporalibus

450 2899 658 2972 habundare
683 2919 725 2968 ae
752 2893 902 2988 persone
928 2894 966 2964 in
990 2915 1034 2964 ea
1055 2890 1254 2965 existentes
1273 2892 1318 2964 de
1337 2895 1468 2966 rirtnte
1492 2891 1651 2968 creseere
1668 2899 1705 2970 in
1723 2901 1792 2970 rir-

451 3023 569 3084 tutem
595 3007 725 3079 edendi
753 3007 789 3076 in
816 3005 945 3076 eadem
969 2999 1122 3076 ecelesia
1146 3013 1221 3074 tam
1249 3005 1344 3076 eirca
1368 3001 1585 3097 personaret
1601 3011 1791 3080 canomeos

451 3142 558 3216 quem
588 3119 659 3190 alia
688 3117 799 3188 ctiam
834 3113 986 3206 capituli
1021 3111 1182 3184 eiusdem
1216 3109 1366 3184 ecclesie
1397 3115 1590 3188 accedente
1619 3117 1790 3191 consensu

451 3231 585 3306 statuta
612 3227 765 3301 salabria
790 3235 829 3297 et
855 3220 1103 3316 honestaque
1131 3222 1337 3296 redundent
1364 3226 1615 3298 inutilitatem
1643 3226 1791 3302 ecclesie

451 3342 648 3437 supmditte
667 3346 774 3432 prout
790 3334 988 3407 secuudum
1005 3332 1127 3406 Deum
1142 3335 1292 3407 militati
1311 3337 1406 3408 diue
1418 3333 1567 3410 ecclesie
1581 3339 1711 3412 videris
1728 3363 1791 3412 ex·

450 3455 572 3548 pedire
597 3451 742 3544 plenam
760 3448 827 3519 tibi
847 3445 1081 3518 concedimus
1103 3446 1319 3518 austeritate
1341 3445 1553 3540 presentium
1578 3451 1789 3524 facultatem

449 3559 730 3638 murmuratores
748 3582 813 3652 per
828 3555 1015 3630 censemur
1034 3553 1308 3630 ecclesiasticum
1335 3557 1572 3652 appellatione
1599 3559 1790 3656 postposita

448 3672 706 3769 compescendo
723 3709 732 3727 ·
751 3669 888 3742 Datum
916 3667 1088 3763 Lugduni
1114 3669 1189 3760 xvij
1212 3667 1283 3738 kal.
1300 3667 1403 3762 Juuij
1425 3671 1656 3763 pontificatus
1681 3669 1788 3744 nostri

448 3809 543 3860 auno
571 3783 673 3856 sexto
700 3821 709 3838 ·
737 3779 818 3852 Nos
848 3781 961 3874 igitur
990 3779 1206 3852 austeritate
1235 3778 1343 3850 liuius
1371 3781 1528 3854 urandati
1556 3783 1790 3856 attendentes

448 3897 693 3969 ordinationes
715 3903 754 3963 et
779 3889 1061 3962 eonsuetudines
1078 3915 1101 3964 a
1118 3889 1385 3962 uenerabilibus
1407 3892 1567 3986 putribus
1585 3893 1762 3968 Eduardo
1780 3935 1788 3954 ·

448 4007 615 4082 Gilberto
627 4045 635 4060 ·
649 4001 863 4095 Rudulplro·
879 3999 1056 4095 episcopis
1069 3996 1389 4074 Aberdonensrbus
1401 3999 1699 4096 predecessoribus
1712 4005 1790 4078 nos·

448 4120 513 4190 tris
531 4114 635 4210 super
651 4111 844 4207 prebendis
867 4107 1019 4182 ecclesie
1036 4108 1307 4184 Abcrdonenlla
1323 4123 1362 4184 ct
1380 4109 1470 4185 lietu
1487 4111 1597 4208 ipsius
1613 4125 1653 4188 et
1669 4117 1789 4190 minis·

447 4243 584 4300 trorum
609 4225 689 4296 eius
705 4223 743 4294 in
761 4219 903 4294 diuersa
919 4219 1073 4315 disperse
1099 4219 1339 4296 iustrumenta
1356 4245 1418 4318 per
1432 4223 1733 4320 indempnitatem
1750 4241 1787 4302 et

447 4336 720 4411 similitudinem
743 4342 1000 4404 contentorum
1024 4343 1063 4404 et
1087 4335 1324 4427 quarumdam
1347 4337 1641 4410 contrarietatum
1664 4340 1789 4413 eonsu-

447 4446 580 4521 sronem
604 4445 820 4518 inducentes
838 4451 879 4514 rt
902 4464 987 4514 eum
1005 4441 1227 4538 inspicienda
1244 4440 1391 4518 luissent
1412 4445 1662 4521 difficultatem
1688 4451 1788 4524 inae-

447 4559 568 4632 niendi
586 4557 681 4651 quod
700 4553 921 4649 querebatur
939 4551 1122 4626 iaciebant
1139 4555 1185 4628 de
1202 4551 1375 4628 consensu
1392 4567 1428 4630 ct
1442 4554 1612 4630 consilio·
1628 4559 1787 4634 R·tune
