4612 5964
946 687 1257 764 REGISTRUM
1628 687 1780 784 [sucum

530 899 588 972 De
608 899 757 971 Decano
862 946 871 964 .
972 943 981 962 .
1084 942 1093 959 .
1196 941 1204 958 .
1308 911 1333 960 x
1352 887 1415 958 lib.
1432 889 1497 980 xiij
1515 885 1546 960 1³.
1565 890 1616 981 iiij
1634 886 1670 960 d.

528 1013 587 1086 De
604 1011 762 1084 cantore
860 1059 869 1076 .
971 1058 979 1075 .
1082 1055 1090 1072 .
1194 1053 1202 1069 .
1307 999 1340 1090 vj
1368 997 1431 1070 lib.

528 1123 588 1197 De
603 1120 829 1197 cancellario
859 1171 868 1188 .
970 1169 979 1186 .
1082 1168 1089 1184 .
1194 1165 1202 1182 .
1307 1110 1341 1203 vj
1359 1110 1424 1181 lib.
1441 1111 1506 1204 xiij
1523 1105 1558 1182 ss.
1576 1112 1625 1204 iiij
1644 1107 1680 1182 d.

528 1238 587 1310 De
602 1232 835 1308 Thesaurario
861 1283 871 1301 .
972 1283 981 1300 .
1084 1280 1092 1295 .
1196 1279 1204 1294 .
1308 1223 1342 1316 vj
1370 1220 1432 1293 lib.

528 1350 587 1422 De
603 1345 868 1420 Archidiaoono
970 1395 979 1412 .
1081 1391 1090 1408 .
1194 1390 1202 1407 .
1305 1336 1341 1429 vj
1359 1333 1422 1406 lib.
1440 1335 1505 1427 xiij
1523 1329 1557 1404 ss.
1576 1335 1626 1426 iiij
1644 1331 1680 1404 d.

954 1564 1228 1636 Panaenum
1247 1601 1257 1618 ·

529 1686 588 1759 De
613 1680 791 1773 Balheluy
861 1729 870 1748 .
972 1729 980 1746 .
1084 1727 1092 1744 .
1195 1727 1203 1743 .
1308 1649 1342 1764 vj
1369 1671 1432 1744 lib.

530 1798 588 1869 De
614 1790 807 1866 Murthlak
860 1841 869 1858 .
971 1839 979 1857 .
1082 1839 1092 1855 .
1196 1837 1205 1854 .
1308 1807 1332 1850 v
1350 1783 1413 1856 lib,

530 1908 588 1979 De
613 1904 719 1998 Oyne
858 1951 867 1968 .
971 1951 979 1966 .
1083 1951 1091 1966 .
1195 1950 1204 1966 .
1308 1895 1411 1970 vlits.

530 2019 587 2090 De
613 2014 804 2089 Groudane
860 2063 868 2080 .
971 2061 979 2078 .
1082 2062 1091 2078 .
1195 2061 1203 2077 .
1309 2009 1414 2084 inb.

529 2129 588 2202 De
613 2126 697 2198 Clat
749 2173 1202 2192 .....
1305 2123 1343 2213 iij
1362 2120 1426 2192 lib.
1445 2120 1510 2211 xiij
1528 2115 1564 2190 ss.
1582 2120 1632 2210 iiij
1650 2114 1687 2189 d.

528 2241 586 2312 De
612 2235 801 2328 Banchory
860 2287 869 2302 .
971 2283 979 2300 .
1082 2283 1091 2300 .
1194 2283 1202 2300 .
1306 2253 1331 2299 v
1348 2231 1411 2302 lib.

528 2353 586 2426 De
612 2351 702 2422 Deir
751 2395 1203 2417 .....
1307 2340 1382 2436 xlvj
1400 2337 1435 2414 ss.
1456 2344 1516 2435 viij
1534 2342 1571 2416 (ἰ.

528 2465 586 2538 De
612 2458 838 2536 Crechmond
970 2508 978 2525 .
1082 2510 1090 2524 .
1193 2509 1201 2524 .

528 2579 586 2652 De
612 2575 792 2666 Lummey
859 2621 868 2639 .
970 2620 978 2637 .
1082 2623 1089 2638 .
1192 2621 1201 2638 .

528 2692 586 2764 Do
612 2686 796 2762 Abirdour
856 2735 864 2752 .
967 2734 976 2750 .
1079 2734 1087 2750 .
1190 2733 1199 2748 .

526 2804 584 2877 De
610 2800 746 2875 Forbee
856 2848 865 2865 .
968 2846 978 2863 .
1080 2845 1089 2862 .
1192 2845 1201 2864 .
1303 2793 1343 2886 iij
1361 2791 1425 2864 lib.
1443 2793 1477 2886 vj
1495 2786 1530 2862 ss.
1551 2792 1609 2885 viij
1627 2789 1664 2864 d.

525 2915 583 2988 De
609 2913 743 2986 Elloun
854 2959 863 2976 .
965 2959 973 2974 .
1075 2958 1083 2972 .
1187 2957 1195 2973 .
1299 2905 1337 2998 iij
1355 2903 1420 2976 lib.

526 3027 583 3098 De
609 3023 810 3096 Kincardin
853 3071 863 3088 .
967 3069 975 3086 .
1077 3069 1086 3086 .
1190 3068 1198 3084 .
1300 3037 1325 3086 x
1345 3015 1409 3088 lib.
1426 3017 1491 3109 xiij
1509 3011 1544 3087 ss.
1562 3017 1613 3108 iiij
1630 3013 1667 3086 d.

525 3137 583 3210 De
610 3132 881 3224 Innernouohty
968 3181 976 3198 .
1078 3181 1087 3198 .
1191 3183 1198 3196 .
1303 3126 1403 3199 vlib.
1421 3130 1455 3221 vj
1474 3124 1509 3199 ss.
1529 3128 1589 3220 viij
1606 3125 1643 3198 d.

525 3249 582 3322 De
608 3245 810 3321 Phillortho.
853 3295 862 3312 .
964 3295 972 3310 .
1076 3293 1083 3309 .
1188 3295 1195 3308 .
1299 3239 1350 3332 iiij
1369 3237 1433 3312 lib.
1451 3241 1515 3331 xiij
1533 3234 1568 3310 ss.
1585 3240 1636 3332 iiij
1654 3235 1690 3308 d.

525 3361 582 3435 De
609 3358 779 3433 Methlnk
849 3409 857 3424 .
960 3407 968 3422 .
1075 3403 1083 3420 .
1187 3405 1194 3420 .
1301 3372 1323 3418 v
1341 3349 1404 3422 lib.

526 3473 585 3546 De
609 3464 832 3566 Tunymffiu
962 3518 970 3534 .
1073 3517 1081 3532 .
1184 3517 1191 3532 .
1296 3464 1334 3556 iij
1353 3461 1417 3534 lits.
1435 3462 1499 3555 xiij
1517 3457 1552 3533 ss.
1571 3465 1620 3556 iiij
1637 3459 1674 3532 d.

525 3585 582 3658 De
607 3581 815 3677 Dulmnyok
961 3633 969 3648 .
1072 3629 1080 3646 .
1184 3627 1192 3646 .
1296 3574 1347 3668 liij
1366 3570 1402 3646 ss.
1420 3575 1471 3668 iiij
1489 3571 1526 3646 (1.

524 3697 581 3770 De
605 3693 752 3768 hmoff
849 3745 858 3762 .
960 3743 968 3760 .
1071 3739 1080 3756 .
1182 3739 1192 3757 .
1294 3686 1412 3780 vjlib.
1429 3687 1495 3780 xiij
1513 3682 1548 3758 ss.
1567 3687 1618 3780 iiij
1635 3683 1671 3756 d.

521 3808 580 3882 De
605 3805 769 3903 Kynkel!
848 3857 856 3874 .
959 3855 967 3872 .
1070 3855 1077 3870 .
1182 3853 1189 3868 .
1292 3799 1354 3892 xxj
1373 3797 1437 3870 lib.

523 3920 581 3994 De
606 3917 802 3994 Coldstnnn
845 3968 856 3987 .
957 3967 965 3984 .
1069 3965 1077 3982 .
1181 3965 1189 3980 .
1293 3911 1345 4003 iiij
1364 3909 1428 3982 lib.
1445 3909 1510 4003 xiij
1528 3905 1562 3980 ss.
1582 3911 1631 4002 iiij
1649 3907 1685 3980 (1.

522 4035 580 4106 De
606 4032 786 4106 Rothwen
842 4081 851 4100 .
954 4081 962 4096 .
1065 4079 1074 4096 .
1176 4077 1185 4094 .
1288 4023 1350 4117 viij
1369 4021 1431 4096 liu

521 4146 579 4218 Do
606 4138 823 4240 Monymusst
953 4193 962 4210 .
1065 4191 1074 4208 .
1177 4191 1185 4206 .
1289 4134 1406 4228 vjlib.

419 4379 570 4446 Summa
586 4368 770 4445 facultatis
780 4365 1035 4440 oenonioorum
1048 4384 1122 4457 quo
1133 4359 1347 4546 rafim
1364 4359 1401 4432 in
1420 4358 1531 4433 choro
1544 4354 1749 4432 sustinendo

986 4476 1118 4570 i‘iij¹¹ix
1152 4475 1162 4546 i
