4612 5964
490 690 598 786 xrm]
974 691 1382 766 ABERDONENSE.
1804 703 1851 776 39

489 890 616 960 decani
633 887 785 964 ecclesie
797 887 1072 964 Aberdonensrs
1086 901 1125 964 et
1138 889 1300 962 eiusdem
1317 888 1388 960 loci
1405 889 1553 980 capituli
1569 893 1725 962 moestis
1743 891 1849 988 legit-

488 1107 736 1184 ducentefimo
754 1111 1054 1210 quinquagesimo
1071 1109 1176 1182 sexto
1193 1112 1232 1180 in
1250 1109 1410 1202 capitulo
1427 1107 1547 1182 nostro
1565 1109 1681 1205 perse
1699 1113 1757 1185 vel
1781 1137 1846 1208 per

486 1232 605 1294 certos
635 1237 887 1318 procuratores
911 1222 1240 1316 comparentibus·
1263 1221 1309 1292 ad
1340 1221 1512 1292 honorem
1538 1232 1578 1294 et
1601 1226 1844 1297 reuerentiam

486 1329 605 1406 santae
622 1345 662 1406 et
678 1337 869 1408 indiuidue
885 1335 1076 1406 Trinitatis
1100 1341 1140 1402 et
1164 1325 1412 1426 gloriosrllime
1430 1329 1501 1403 Dei
1525 1336 1718 1426 genetricis
1736 1338 1844 1432 virgi-

485 1445 541 1514 nis
559 1443 681 1518 Marie
698 1457 738 1519 et
755 1448 854 1519 beati
881 1443 1063 1534 Machorij
1088 1452 1128 1513 et
1153 1443 1199 1513 ad
1226 1443 1340 1513 diuini
1367 1441 1487 1514 cultus
1512 1444 1783 1537 ampliationem
1802 1461 1842 1520 vt

484 1557 522 1626 in
553 1567 756 1631 memorata
783 1552 937 1629 ecclelia
964 1555 1072 1626 beate
1098 1555 1247 1647 virginis
1274 1555 1320 1625 de
1345 1552 1520 1624 Aberdon
1546 1556 1709 1626 diuinum
1739 1557 1841 1632 obse-

483 1670 609 1758 quium
621 1670 792 1740 omnibus
805 1666 1033 1759 temporibus
1046 1665 1171 1735 diuina
1184 1661 1365 1736 maiestati
1382 1666 1638 1759 acceptabilius
1656 1666 1839 1743 honestius

482 1779 673 1852 decentius
689 1790 730 1851 et
746 1779 949 1873 regularius
966 1772 1101 1867 absque
1114 1776 1259 1847 defedu
1276 1776 1481 1849 celebretur
1496 1777 1660 1872 diligenti
1680 1780 1836 1852 trattatn

481 1899 521 1960 et
537 1891 690 1983 prouida
706 1889 813 1982 super
829 1889 900 1982 hijs
917 1887 1108 1982 prehabito
1125 1887 1387 1958 deliberatione
1400 1887 1446 1958 de
1463 1887 1633 1961 consensu
1647 1900 1685 1961 et
1698 1892 1835 1964 auxilio

481 1999 641 2072 eiusdem
667 2002 795 2074 decani
821 2010 862 2071 et
886 1997 1038 2092 capituli
1069 1999 1107 2068 in
1138 1997 1236 2071 hunc
1267 1999 1415 2070 modum
1447 1995 1634 2072 statuendo
1664 2003 1835 2074 duximus

480 2112 721 2183 ordinandum
740 2152 748 2168 ·

481 2333 537 2406 De
572 2357 725 2515 nisimero
762 2333 1030 2426 prebendarum
1069 2353 1241 2426 premeue
1276 2328 1427 2404 ecclesie
1464 2334 1678 2406 cathedralis
1712 2335 1832 2408 Aber-

478 2445 597 2516 donen
613 2467 671 2516 rs·

479 2666 647 2758 Inprimis
675 2662 812 2736 scilicet
838 2665 935 2756 qnod
963 2665 1000 2735 in
1027 2663 1188 2756 predicta
1217 2659 1369 2735 ecclesa
1392 2702 1400 2720 ·
1425 2665 1489 2757 xiij
1512 2702 1520 2720 ·
1543 2666 1588 2736 ad
1612 2667 1732 2740 minus
1759 2665 1829 2740 sint

342 2786 347 2798 '
475 2777 627 2849 canonic
651 2776 784 2868 quibus
801 2812 810 2830 ·
828 2776 893 2868 xiij
911 2814 920 2832 ·
940 2773 1141 2868 prebendas
1165 2769 1422 2868 allignauimns
1445 2797 1533 2866 quas
1558 2778 1707 2870 proprijs
1726 2800 1829 2850 voca·

474 2887 569 2958 bulis
594 2887 745 2958 inferius
763 2887 936 2957 (luximus
962 2886 1218 2979 exprimendas
1234 2882 1372 2957 scilicet
1390 2885 1484 2978 quod
1505 2884 1624 2958 Prima
1646 2888 1827 2980 prebenda

474 3000 626 3070 canonis
645 2995 857 3068 Decanatus
880 2992 1077 3091 affiguntur
1102 3005 1182 3067 tota
1198 2992 1349 3068 ecclesia
1365 2995 1411 3068 de
1429 2994 1599 3089 Kyrkton
1617 3021 1700 3068 cum
1722 3003 1827 3072 terris
1840 3015 1977 3074 prunus

474 3111 520 3180 dc
535 3108 719 3180 llurcroft
736 3109 782 3180 ad
801 3108 934 3179 distant
954 3103 1141 3180 eccleliam
1159 3117 1325 3202 tempore
1342 3108 1518 3201 presentis
1535 3108 1770 3182 ordinationis
1788 3127 1826 3182 ct

473 3243 555 3291 cum
580 3220 750 3290 omnibus
770 3230 808 3290 et
833 3219 967 3290 ceteris
990 3217 1167 3288 fructibus
1190 3225 1229 3288 et
1252 3217 1484 3309 pertinencijs
1506 3214 1577 3288 luis
1602 3219 1646 3290 ad
1673 3221 1826 3292 culidem

472 3331 718 3424 l'pednntibus
741 3338 900 3423 excepta
925 3330 1068 3400 dccima
1088 3326 1291 3398 salmonum
1309 3326 1355 3398 dc
1373 3325 1580 3421 Pnlgoueny
1598 3341 1636 3400 et
1658 3331 1826 3404 omnibus

473 3443 623 3513 decimis
640 3439 827 3534 hospitalis
844 3438 953 3512 sandi
971 3439 1070 3509 Petri
1085 3439 1131 3508 dc
1145 3437 1320 3509 Abcrdon
1335 3461 1423 3530 quas
1438 3450 1599 3531 tempore
1617 3437 1718 3512 istius
1731 3444 1826 3514 ordi·

473 3554 630 3624 nationis
648 3549 801 3645 pollcdit
820 3553 856 3622 in
877 3551 1039 3644 proprios
1054 3547 1134 3619 rsus
1152 3545 1240 3619 dicti
1259 3544 1444 3640 hospitalis
1457 3560 1494 3619 et
1511 3546 1668 3619 sororum
1689 3551 1822 3622 ibidem

473 3665 675 3735 uiuentium
701 3663 961 3734 conuertendis
983 3700 992 3718 ·
1014 3659 1185 3731 Secunda
1210 3658 1394 3751 prebenda
1419 3661 1569 3730 canonic
1592 3659 1823 3734 Prcccntorio
1837 3680 1951 3738 eruut

470 3770 667 3868 allignatur
683 3767 835 3844 ecclelia
852 3772 899 3844 dc
917 3766 1141 3842 llnclrtirlill
1156 3791 1240 3840 cum
1258 3769 1427 3840 omnibns
1443 3771 1616 3842 trudibus
1634 3771 1824 3844 obucntio-

470 3885 576 3956 nibus
592 3893 633 3955 et
650 3885 781 3956 ceteris
807 3882 1043 3975 pertinenciJs
1059 3880 1105 3952 ad
1126 3878 1280 3952 eandem
1307 3877 1552 3972 speltantibus
1569 3921 1577 3938 ·
1595 3880 1717 3954 Tertia
1743 3907 1824 3977 prc-

470 3997 588 4068 bcnda
605 3996 759 4067 canonic
772 3993 1000 4066 Cancellarie
1017 3986 1215 4084 affiguntur
1231 3989 1373 4062 decima
1389 3988 1536 4084 piscarie
1553 3992 1598 4065 de
1613 3991 1822 4088 Palgoueny
1835 4009 2038 4070 exorturum

468 4109 527 4178 cni
545 4102 771 4178 considerata
788 4101 887 4176 dicte
904 4101 1088 4196 prebende
1111 4100 1297 4172 tenuitate
1321 4096 1518 4195 albgnatur
1533 4102 1656 4176 totalis
1673 4101 1824 4178 ecclesa

468 4219 514 4292 de
531 4213 641 4290 Brall
649 4239 734 4288 cum
751 4216 922 4286 omnibus
939 4211 1114 4286 frutribus
1131 4211 1414 4284 obuentionibus
1431 4225 1469 4284 et
1486 4215 1615 4285 ceteris
1638 4216 1823 4308 pertinen-

467 4330 531 4422 cijs
547 4327 593 4401 ad
611 4325 766 4400 eandem
785 4325 1031 4420 spectantibus
1044 4362 1053 4380 ·
1068 4323 1210 4408 Quarta
1226 4321 1410 4415 prebenda
1426 4325 1577 4396 canonic
1589 4321 1821 4398 Tlresaurarie
1835 4334 2054 4403 annotarim

466 4435 664 4536 allignatur
689 4446 770 4509 tota
795 4433 948 4510 ecclesia
964 4436 1011 4508 de
1029 4433 1178 4526 Dauyot
1195 4455 1280 4504 cum
1300 4434 1468 4506 omnibus
1486 4432 1660 4508 fructibus
1685 4435 1821 4508 obuen-

466 4551 626 4624 tionibus
639 4559 678 4622 ct
692 4550 825 4622 ceteris
838 4547 1073 4640 pertinencijs
1084 4545 1130 4618 ad
1145 4543 1299 4618 eandem
1316 4541 1578 4638 spectantibus·
1590 4544 1727 4630 Quinta
1741 4571 1820 4640 pre-
