4564 5968
463 689 530 754 148
979 677 1289 754 REGISTRUM
1655 681 1808 778 [ancum

511 883 586 955 mle
597 907 680 956 oum
694 884 728 955 le
742 881 842 956 cose·
858 883 928 953 duo
943 879 1123 972 mappalia
1133 900 1215 949 cum
1233 897 1302 945 vno
1313 874 1456 945 frontali
1469 876 1514 945 de
1527 879 1659 953 weluat
1673 885 1784 956 rubeo
1798 923 1806 940 ·

512 997 583 1068 due
596 997 678 1069 albe
696 1037 705 1054 ·
725 1020 795 1068 vna
812 994 931 1068 casula
948 993 993 1064 de
1011 991 1125 1063 burdo
1138 987 1334 1061 alexandro
1353 1027 1361 1042 ·
1382 1008 1451 1056 vna
1463 981 1553 1058 stola
1566 1030 1574 1045 ·
1589 1013 1682 1064 vnus
1694 998 1807 1068 moni-

511 1110 618 1202 pulns
629 1133 740 1181 vnum
755 1109 923 1202 puluinar
934 1108 981 1178 de
993 1101 1121 1176 worset
1138 1100 1242 1172 viridi
1258 1139 1266 1156 ·
1282 1120 1373 1168 vnus
1387 1120 1527 1190 pannus
1544 1121 1608 1190 pro
1621 1106 1807 1180 conserun-

511 1223 615 1294 oiono
632 1221 851 1314 mappalium
868 1217 1002 1292 acala
1020 1241 1084 1312 pro
1102 1211 1381 1288 conseruaoiono
1398 1209 1538 1280 calicis·
1553 1212 1624 1282 duo
1635 1218 1804 1312 amilio]

829 1553 906 1624 l‘no
926 1574 1062 1624 annam
1083 1573 1205 1624 anam
1223 1550 1458 1623 Knemis·

462 1781 586 1852 Vnum
607 1774 862 1848 vestimentum
882 1776 927 1845 de
944 1773 1057 1847 serico
1074 1774 1157 1846 albo
1174 1798 1259 1847 oum
1283 1773 1429 1845 frontali
1449 1815 1457 1831 ·
1479 1771 1603 1844 Vnum
1622 1775 1806 1866 corporale

510 1914 592 1962 cum
611 1885 732 1960 casula
749 1901 787 1960 et
805 1887 887 1958 albo
905 1909 987 1957 oum
1006 1889 1139 1958 ceteris
1156 1886 1269 1979 pecijs
1287 1927 1295 1942 ·

813 2223 892 2294 l’no
912 2241 1046 2292 annam
1067 2240 1211 2291 sixena
1231 2218 1465 2292 Kinnamo-

459 2449 611 2524 Constnt
645 2474 692 2522 ex
726 2450 924 2521 donatione
959 2446 1175 2520 venerabilis
1209 2445 1276 2516 viri
1309 2442 1465 2541 magistri
1497 2445 1675 2519 iohannis
1704 2449 1805 2520 Clatt

509 2564 672 2635 canonici
691 2555 952 2632 Abirdononlis
969 2559 1014 2630 nd
1033 2558 1129 2630 idem
1148 2556 1288 2628 altare·

463 2674 503 2746 ln
536 2677 659 2768 primia
687 2672 858 2744 videlicet
884 2694 994 2741 vnum
1022 2669 1296 2742 tabernaculum
1328 2667 1500 2742 situatum
1529 2671 1679 2767 desuper
1710 2676 1803 2746 idom

508 2788 623 2858 altaro
640 2797 680 2858 et
696 2786 841 2858 ornauit
865 2783 960 2855 idem
988 2780 1137 2856 dinariis
1157 2781 1307 2876 pioturia
1332 2785 1421 2877 varij
1446 2784 1576 2856 coloris
1600 2808 1684 2858 cum
1708 2787 1806 2859 clau·

509 2896 589 2969 sum
609 2895 837 2969 extrinseco·
857 2918 997 2965 noonon
1017 2908 1056 2966 et
1073 2895 1200 2966 multis
1217 2894 1297 2988 alijs
1314 2899 1536 2968 ornamentis
1562 2897 1681 2969 eidem
1699 2898 1803 2970 altari

510 3005 735 3103 nocollorijs·

464 3124 554 3194 ltem
574 3120 709 3216 optulit
731 3119 808 3190 lloo
826 3133 865 3189 et
891 3120 996 3189 bento
1016 3117 1134 3190 Mario
1152 3115 1303 3191 eoeleste
1321 3120 1536 3192 cathedralia
1554 3122 1600 3193 <le
1617 3120 1804 3193 Ablrdone

511 3257 615 3306 votnm
634 3256 758 3326 capam
778 3229 923 3301 loricam
943 3231 1154 3301 donni-atam
1172 3253 1244 3324 que
1262 3243 1412 3302 vocatur
1427 3231 1554 3304 Clott·

463 3346 556 3417 ltom
583 3345 718 3438 optulit
745 3343 826 3414 Doo
854 3357 892 3413 ot
925 3341 1032 3412 beato
1060 3340 1179 3414 Morio
1204 3339 1355 3414 ecclelia
1382 3343 1539 3436 prediolo
1563 3367 1673 3416 vnum
1701 3343 1804 3417 velli·

510 3470 674 3530 mentum
693 3459 875 3550 integrum
906 3455 952 3524 «le
979 3455 1081 3546 nigro
1108 3451 1240 3524 wersod
1264 3454 1309 3525 nd
1335 3453 1564 3526 l'emienclum
1591 3453 1740 3528 ecclesie
1766 3460 1801 3526 in

509 3567 759 3660 anniuersariis
776 3580 815 3637 ot
832 3567 991 3637 obitilms
1009 3567 1172 3636 omnium
1190 3563 1332 3637 suorum
1356 3562 1639 3660 paneeelsomm
1665 3581 1703 3640 et
1729 3568 1805 3640 suc·

508 3678 681 3754 vallorum
709 3678 878 3751 videlicet
905 3679 941 3770 iij
968 3701 1074 3772 capon
1100 3679 1146 3749 de
1170 3678 1298 3750 eodem
1327 3675 1450 3773 [cum]
1478 3701 1547 3752 vna
1569 3676 1689 3753 casula
1714 3696 1751 3754 et
1780 3685 1801 3775 ij

508 3791 708 3866 tuniculis·

461 3908 556 3980 ltem
583 3902 717 3999 optolit
743 3904 851 3976 beato
878 3901 997 3974 llario
1024 3923 1135 3974 vnum
1161 3900 1416 3976 candelabrum
1444 3925 1508 3996 pro
1542 3907 1655 3978 cereis
1685 3905 1803 4001 lupar·

509 4016 684 4112 ponendis
701 4037 812 4110 propo
828 4018 906 4087 eius
923 4017 1127 4109 ymaginem
1146 4012 1364 4087 collocatum
1384 4052 1392 4069 ·

460 4165 894 4190 ””””
944 4164 1320 4334 palpantia
1372 4179 1380 4196 '
1433 4169 1441 4184 ’
1494 4171 1502 4184 ’
1555 4171 1563 4186 ’
1617 4173 1625 4186 ’
1678 4173 1686 4186 ’
1739 4175 1800 4190 ”
