4526 5954
468 766 566 860 xc]
939 769 1347 846 ABERDONENSE.
1735 781 1806 852 249

515 961 715 1042 Vicesimus
741 969 920 1044 secundus
937 970 1164 1045 Guillermus
1189 965 1405 1062 Elphinston
1430 968 1658 1041 decretomm
1683 973 1807 1044 dodon

444 1075 589 1157 ,Jacobi
606 1085 724 1172 quarti
742 1081 935 1156 Scotorum
953 1083 1049 1177 regis
1073 1075 1284 1152 inclitiffimi
1302 1074 1407 1174 figiili
1423 1079 1558 1171 priuati
1582 1078 1703 1155 custos
1720 1121 1729 1142 ·
1747 1083 1805 1155 hic

463 1190 648 1264 ciuitatem
666 1198 799 1268 veteris
823 1195 946 1290 oppidi
973 1182 1244 1264 Aberdoneniis
1269 1191 1405 1281 primus
1431 1185 1591 1262 instituit
1607 1215 1650 1266 ac
1666 1189 1804 1290 insigne

462 1301 653 1400 collegium
678 1304 930 1404 magistromm
955 1313 996 1377 et
1019 1299 1211 1375 scolarium
1238 1299 1275 1370 in
1303 1301 1434 1373 eodem
1458 1304 1578 1374 erexit
1601 1301 1804 1379 construxit

462 1415 628 1490 firudauit
652 1427 691 1490 et
715 1419 859 1492 dotauit
884 1455 893 1475 ·
923 1410 1115 1508 Templum
1148 1411 1216 1480 hoc
1243 1409 1521 1484 celeberrimum
1552 1437 1637 1488 eum
1667 1419 1802 1490 maiore

461 1530 650 1625 campanili
667 1533 714 1604 ab
732 1531 861 1604 eodem
879 1526 1029 1601 condito
1047 1519 1244 1593 luminibus
1259 1521 1439 1617 plumbeis
1466 1526 1563 1597 texit
1578 1527 1800 1622 maioresque

460 1663 648 1737 campanas
664 1641 819 1716 adduxit
836 1649 876 1710 ot
892 1635 995 1732 ponti
1014 1633 1061 1705 de
1083 1631 1165 1705 Dee
1191 1634 1367 1708 nonnulla
1383 1635 1489 1710 initia
1505 1637 1609 1711 dedit
1625 1679 1635 1698 ·
1652 1641 1801 1713 tandem

459 1749 554 1826 senio
582 1756 766 1829 confestus
794 1740 1034 1843 ottuagesrmo
1058 1754 1186 1837 quarto
1213 1749 1323 1820 etatis
1349 1746 1412 1821 sue
1443 1771 1539 1820 anuo
1565 1773 1643 1822 xxv
1671 1749 1802 1825 mensis

460 1864 624 1938 Odobris
653 1867 715 1958 qui
744 1871 825 1935 erat
857 1879 987 1931 11111111-
1008 1856 1186 1929 secundm
1219 1857 1407 1932 conilidtus
1432 1861 1479 1933 de
1504 1859 1670 1936 Floudon
1705 1887 1801 1937 anno

465 1997 623 2051 u.n.x1v.
640 1977 796 2049 animam
823 1970 971 2043 domino
995 1967 1164 2064 precibus
1188 1973 1467 2045 commendabat
1493 1977 1592 2046 etin
1618 1975 1714 2050 dico
1739 1975 1799 2049 suo

459 2091 610 2186 collegio
626 2084 788 2179 sepultus
805 2081 1021 2177 magnifice·

507 2196 709 2274 Vicesimus
731 2196 862 2268 tertius
880 2193 1096 2266 Alexander
1111 2192 1262 2267 Gordon
1289 2193 1530 2271 Morauienlis
1547 2197 1699 2274 ecclesie
1716 2225 1800 2276 can·

315 2311 320 2324 '
457 2329 515 2386 tor
530 2355 539 2372 ·
556 2314 618 2406 qui
635 2309 762 2380 altimo
778 2307 804 2379 J
806 2308 881 2401 unij
899 2328 996 2378 anno
1012 2301 1189 2378 milesimo
1205 2306 1494 2405 quingentesimo
1511 2313 1654 2386 decimo
1670 2315 1799 2388 oblano

456 2427 503 2498 ab
519 2426 585 2497 bae
601 2419 745 2493 mortali
763 2421 839 2490 vita
863 2411 1014 2490 deceffit
1031 2456 1042 2475 ·

507 2529 708 2608 Vicesimus
741 2540 891 2625 quartus
924 2529 1148 2603 reuerendus
1181 2531 1220 2602 iu
1250 2531 1392 2606 Christo
1420 2543 1527 2630 pater
1552 2560 1595 2610 ac
1629 2537 1797 2611 dominus

457 2649 618 2723 Gauinus
645 2643 798 2717 Dunbar
813 2642 940 2716 sanci
958 2641 1110 2715 Andree
1127 2642 1217 2715 alica
1233 2645 1506 2718 archidiaconus
1522 2647 1732 2742 principalis
1756 2673 1798 2722 ac

458 2753 695 2833 llorauieniis
712 2750 861 2829 ecclesie
878 2754 1039 2827 decanus
1055 2748 1432 2850 sereniffimommque
1446 2759 1652 2854 principum
1668 2757 1694 2832 J
1695 2760 1796 2833 acobi

456 2873 573 2968 quarti
605 2882 644 2943 et
678 2871 795 2962 quinti
830 2864 1145 2962 impresentiarum
1183 2866 1340 2941 feliciter
1377 2871 1565 2966 regnantis
1602 2869 1795 2946 Scotorum

463 3007 586 3082 regum
620 2981 837 3054 rottulorum
866 2989 906 3080 et
932 2975 1084 3076 regestri
1112 2978 1265 3052 clericus
1288 2989 1328 3052 et
1356 2982 1611 3077 integerrimus
1637 2979 1799 3058 consilia-

455 3102 528 3171 rius
545 3139 554 3156 ·
572 3097 634 3190 qui
659 3095 727 3167 hoc
752 3087 943 3189 epistolare
968 3092 1014 3165 ad
1040 3092 1148 3164 huius
1172 3088 1325 3164 ecclesie
1351 3091 1650 3169 cousuetudinem
1676 3108 1716 3170 et
1739 3098 1797 3171 dei

456 3211 597 3284 laudem
613 3204 716 3281 scribi
733 3214 773 3278 et
789 3206 908 3278 ornari
932 3203 1023 3278 lecit
1039 3202 1256 3298 Antrrerpie
1279 3228 1375 3278 anno
1392 3207 1545 3303 virginei
1570 3218 1697 3304 partus
1720 3205 1797 3306 sep-

457 3326 545 3395 timo
561 3331 600 3393 et
617 3312 788 3414 vigesimo
812 3313 928 3410 sesqui
954 3311 1133 3389 milesrmo
1150 3355 1160 3376 ·
1178 3315 1252 3390 Hic
1279 3327 1379 3390 trane
1402 3316 1483 3392 Dee
1500 3319 1653 3392 fluuium
1671 3323 1797 3420 ingen·

454 3449 529 3508 torn
546 3440 694 3528 pontem
712 3451 759 3502 ex
775 3424 886 3501 inciso
903 3427 1025 3523 lapide
1041 3429 1181 3523 optimo
1197 3427 1350 3503 artillcio
1374 3426 1564 3524 septennio
1588 3431 1793 3507 edificauit·

455 3560 564 3641 atque
586 3545 693 3617 buius
719 3539 849 3636 templi
877 3547 1085 3614 toreumata
1108 3536 1172 3613 seu
1191 3539 1312 3614 celum
1340 3539 1456 3638 ipsum
1479 3565 1589 3637 opere
1613 3542 1794 3618 exasciatc

455 3656 670 3754 imaginibus
687 3664 726 3726 et
743 3653 946 3748 principum
963 3646 1128 3748 insigniJs
1153 3653 1317 3728 fabricari
1334 3655 1422 3728 fecit
1437 3664 1476 3727 et
1493 3655 1642 3751 pisturis
1665 3657 1795 3732 decen·

453 3766 592 3843 tilsrmis
607 3766 794 3840 decorauit
810 3803 821 3826 ·
838 3764 967 3860 Atque
984 3763 1032 3837 ob
1054 3763 1128 3838 Dei
1153 3765 1414 3859 omnipotentis
1436 3767 1613 3840 honorem
1638 3778 1678 3840 et
1701 3769 1795 3842 inte-

453 3889 590 3956 merate
605 3879 754 3976 virffl’nir
766 3875 886 3950 Marie
898 3875 1052 3973 gloriam
1068 3885 1109 3949 et
1124 3876 1233 3948 huius
1245 3875 1373 3973 templi
1385 3875 1611 3951 celeberrimi
1624 3880 1794 3954 decorem

454 3990 675 4088 infrascripta
690 3991 839 4064 donans
855 3989 951 4062 vltro
968 3983 1142 4064 concellit
1157 3997 1198 4062 et
1213 3986 1430 4062 delibemuit
1446 4031 1456 4050 ·

503 4105 624 4178 Primo
640 4141 650 4162 ·
667 4101 819 4175 calicem
835 4122 883 4174 ex
900 4123 989 4174 auro
1005 4093 1189 4196 puriffimo
1205 4101 1374 4194 ponderis
1389 4103 1576 4176 mciemm
1594 4101 1614 4202 [
1749 4103 1790 4199 ]·

502 4219 597 4290 item
613 4213 770 4288 ultemm
786 4213 939 4288 calicem
955 4221 1171 4310 argenteum
1187 4209 1401 4286 deauratum
1418 4213 1588 4310 ponderis
1606 4213 1625 4313 [
1751 4215 1791 4311 ]·

502 4328 597 4402 Item
613 4349 758 4401 crucem
775 4348 944 4422 magnam
960 4334 1171 4422 argenteam
1186 4345 1272 4396 cum
1287 4325 1381 4418 pede
1397 4325 1436 4398 in
1452 4335 1557 4421 parte
1581 4328 1790 4401 deauratam

326 4530 338 4553 .
453 4441 618 4542 ponderis
633 4439 684 4534 xij
701 4459 904 4512 marcamm
921 4437 972 4534 vij
989 4437 1176 4513 molarum
1192 4435 1254 4530 xvj
1271 4433 1571 4534 osterlingomm·

501 4554 597 4628 Item
615 4572 764 4647 pomam
779 4573 925 4624 erucem
942 4549 1162 4646 pectoralem
1176 4556 1386 4646 argenteam
1400 4549 1609 4624 dmumtam
1622 4550 1791 4647 ponderis

454 4673 562 4744 trium
579 4665 763 4739 molarum
781 4663 832 4758 xij
848 4657 1123 4761 esterlingorum
1141 4701 1152 4722 ·

501 4801 583 4854 von
602 4799 643 4850 11.
1115 4781 1139 4845 2
1157 4793 1171 4846 1
