4526 5954
976 681 1287 759 REGISTRUM
1646 687 1805 784 [encunr

719 997 1022 1070 Auurunuernu
1039 1015 1180 1070 neuere
1195 995 1312 1069 Jurur
1331 1013 1513 1070 rurum
1532 1037 1541 1053 ·

510 1218 640 1318 [Nono
656 1220 758 1316 Junij
776 1261 786 1280 ·
804 1219 851 1293 In
868 1220 928 1293 dic
944 1217 1057 1293 sandi
1071 1219 1251 1296 Columbe
1267 1216 1513 1294 celebrabitur
1524 1217 1809 1292 anniuersarium

457 1354 523 1426 pro
539 1334 660 1406 nnirnc
675 1333 856 1427 quondum
873 1332 1064 1405 reuerendi
1089 1335 1202 1428 patrie
1219 1332 1356 1406 Gauini
1375 1323 1637 1402 Abirdonenlie
1653 1327 1808 1425 episcopi

457 1443 591 1517 t'oluen’
607 1467 672 1539 per
688 1445 838 1517 vicarios
853 1445 953 1516 chori
971 1440 1121 1518 ecclesre
1138 1443 1356 1516 cathedralis
1372 1438 1636 1514 Abirdonenlis
1653 1465 1807 1516 vnccum

458 1550 559 1627 milla
579 1555 789 1648 quotidiam
812 1576 878 1648 per
902 1553 1045 1626 eosdem
1071 1555 1290 1628 celebrando
1313 1576 1379 1649 pro
1402 1550 1634 1626 edificetiono
1659 1564 1699 1626 et
1724 1577 1809 1627 oon-

458 1663 649 1739 strudoione
666 1659 889 1737 munlionum
906 1662 1051 1737 suarum
1068 1667 1210 1760 mugnis
1223 1665 1309 1738 diui
1321 1664 1512 1738 reuerendi
1528 1668 1641 1759 petrin
1658 1663 1810 1761 sumpti·

457 1779 525 1850 bue
542 1779 645 1848 iuxta
657 1787 824 1848 naturam
837 1775 1060 1848 fundationis
1072 1774 1226 1871 desuper
1236 1776 1329 1850 lette
1341 1799 1407 1871 per
1418 1786 1634 1850 executores
1647 1777 1806 1850 eiusdem

456 1888 590 1960 chini
608 1925 617 1944 ·
635 1887 697 1978 qui
714 1887 805 1980 obijt
818 1895 860 1958 vt
877 1881 982 1980 suprc
998 1909 1094 1960 anno
1111 1888 1172 1960 die
1189 1887 1314 1961 mense
1331 1886 1496 1983 utsupra
1511 1889 1640 1962 eodem
1658 1890 1750 1963 libro
1767 1891 1805 1962 in

457 1999 595 2072 Martio
611 1995 640 2091 ·]

501 2217 687 2318 Vigelimo
715 2219 871 2294 secundo
892 2218 996 2317 Junij
1015 2220 1302 2295 anniuerlltrium
1328 2244 1393 2317 pro
1426 2224 1618 2298 animabus
1643 2224 1803 2324 magistri

454 2335 623 2408 Dunceni
639 2332 781 2406 Burnet
797 2343 837 2406 et
853 2342 1047 2429 parentum
1072 2335 1152 2408 eius
1169 2332 1273 2433 xxiiij
1293 2337 1323 2408 ἓ.
1354 2345 1394 2408 et
1410 2359 1476 2432 pro
1501 2339 1614 2412 cereis
1631 2349 1671 2412 et
1688 2339 1804 2434 pulsn-

453 2449 554 2520 tione
567 2468 821 2542 campanorum
833 2441 913 2544 xxij
926 2443 963 2518 d.
982 2447 1029 2518 de
1039 2443 1225 2521 munlione
1238 2448 1285 2521 de
1296 2446 1495 2545 Meythlelr
1507 2449 1603 2524 infru
1614 2455 1803 2528 eunonium

452 2554 741 2632 Abirdoncnsem
754 2597 765 2616 ·

504 2777 708 2881 [Vicetirno
732 2783 861 2877 quinto
885 2782 946 2856 dle
970 2777 1104 2856 menlie
1119 2780 1224 2879 Junij
1249 2784 1288 2856 in
1314 2780 1407 2857 festo
1430 2781 1544 2856 suntti
1572 2782 1713 2860 Moloci
1738 2785 1802 2860 lint

452 2892 601 2992 lingulis
611 2895 714 2969 nnnir
727 2895 765 2967 in
778 2888 928 2968 ecclelia
940 2892 1141 2968 cathedrali
1154 2893 1404 2967 Aberdonenli
1415 2899 1717 2970 commemoracio
1727 2894 1802 2971 srue

450 3005 732 3082 anniuersarium
741 3029 825 3081 cnm
839 3000 941 3078 millu
952 3003 1093 3080 solenni
1103 3007 1163 3081 die
1173 3004 1339 3100 sequenti
1350 3006 1396 3079 ud
1407 3030 1580 3104 magnum
1590 3007 1707 3084 ultore
1717 3035 1801 3084 cum

452 3115 551 3193 millu
566 3121 707 3216 priuato
722 3144 745 3192 a
760 3117 926 3213 quolibet
943 3119 1077 3191 vicario
1094 3118 1195 3192 chori
1221 3118 1351 3192 eodem
1368 3118 1428 3192 dic
1450 3141 1516 3214 pro
1539 3120 1688 3194 domino
1706 3121 1803 3196 Wil-

451 3227 808 3328 lelnroElphinltoun
818 3227 958 3304 rectore
969 3230 1016 3304 de
1025 3228 1130 3303 Clett
1139 3252 1204 3325 pro
1214 3238 1296 3302 toto
1306 3239 1472 3326 ternpore
1480 3232 1557 3304 vite
1567 3231 1654 3306 diui
1663 3232 1800 3308 domini

452 3345 633 3419 Willelmi
658 3340 766 3440 [1³0st
792 3343 896 3437 cujus
926 3337 1089 3436 obitum]
1120 3342 1258 3415 ditturn
1281 3339 1565 3416 anniuersarium
1591 3367 1676 3418 cunr
1700 3342 1801 3420 millu

450 3458 587 3532 l'olcnni
604 3467 644 3530 et
660 3456 740 3550 nliju
756 3455 909 3551 priuatis
925 3449 1037 3528 miffis
1052 3476 1119 3549 per
1132 3455 1284 3528 vicarios
1296 3453 1397 3529 clrori
1414 3450 1567 3529 ecclelie
1582 3456 1801 3532 cathedralis

449 3563 709 3642 Abirdonenlis
734 3569 797 3663 qui
820 3589 886 3662 pro
911 3574 1078 3662 tempore
1102 3567 1242 3640 luerint
1269 3563 1456 3661 presentet
1486 3567 1558 3641 erit
1586 3568 1647 3642 die
1676 3570 1799 3642 obitus

449 3683 639 3755 memorati
655 3680 793 3753 domini
811 3677 994 3753 Willelmi
1011 3718 1020 3737 ·
1038 3680 1102 3773 qui
1119 3675 1243 3777 vicurij
1270 3677 1428 3751 orabunt
1444 3700 1510 3774 pro
1527 3676 1626 3754 dicto
1651 3680 1799 3755 domino

450 3791 642 3866 Willelnro
666 3802 770 3888 petre
786 3801 826 3863 ct
842 3803 961 3865 matre
983 3789 1145 3866 ciusdem
1168 3813 1234 3887 pro
1256 3789 1459 3864 reuerendo
1476 3791 1516 3863 in
1533 3788 1678 3866 Christo
1694 3805 1798 3888 putre

449 3906 596 3979 domino
625 3901 817 3978 Willelrno
847 3925 966 4000 nuper
990 3901 1158 4000 episcopo
1187 3896 1432 3978 Abirdonenli
1456 3911 1498 3976 ct
1520 3924 1586 3998 pro
1608 3905 1798 3979 unimcbur

448 4019 611 4092 omnium
643 4013 806 4089 fidelium
841 4013 1097 4090 defunctorum
1130 4025 1172 4089 et
1204 4036 1270 4110 pro
1304 4013 1404 4086 diuo
1433 4013 1679 4090 mniuersfflo
1711 4017 1796 4090 dier

450 4127 571 4227 vicnrij
589 4127 790 4226 percipient
804 4128 994 4200 mnuutinr
1020 4124 1198 4200 sumnum
1224 4125 1401 4200 tredecim
1429 4121 1624 4202 solidorum
1649 4137 1691 4203 ct
1711 4152 1799 4224 quc-

448 4241 787 4318 tuordennriorunr
818 4236 867 4310 de
899 4233 1113 4331 quibusdem
1138 4237 1255 4310 crofto
1280 4247 1361 4311 orto
1384 4245 1425 4311 et
1449 4241 1561 4314 orrcir
1594 4241 1798 4316 iacentibur

446 4377 558 4452 prope
582 4353 691 4426 linem
715 4349 838 4446 oppidi
854 4347 902 4420 dc
918 4345 1108 4422 Abirdenc
1125 4359 1166 4421 vt
1181 4347 1325 4445 plenius
1349 4349 1387 4422 in
1410 4358 1511 4424 curte
1535 4352 1640 4427 diuis
1657 4355 1797 4448 vicurijr

446 4492 513 4564 per
527 4464 641 4563 ipsum
657 4463 846 4538 dominum
864 4455 1099 4536 Willelmurn
1116 4461 1282 4536 conicito
1297 4461 1510 4538 continetur
1526 4460 1558 4560 ·]
