4564 5968
468 743 571 837 xva]
945 739 1352 816 ABERDONENSE.
1754 742 1823 812 195

522 942 617 1015 Item
636 945 680 1015 ad
700 944 815 1017 altare
834 946 985 1039 capituli
1000 945 1072 1016 duo
1092 944 1330 1014 lintheamina
1347 977 1354 992 ·

521 1055 616 1128 ltem
637 1058 682 1128 ad
700 1057 815 1132 altare
834 1061 939 1130 iuxta
957 1057 1139 1128 summum
1156 1055 1271 1126 altare
1289 1054 1333 1123 ad
1352 1049 1642 1142 septemtrionem
1662 1045 1733 1116 duo
1753 1046 1821 1116 lin-

469 1170 646 1242 thiamina
663 1194 746 1243 cum
762 1193 832 1241 vno
850 1169 1072 1262 antependio
1090 1188 1137 1238 ex
1155 1165 1247 1236 latin
1267 1156 1430 1256 brugensi
1447 1201 1454 1215 ·

513 1953 671 2024 Domum
682 1951 791 2020 huius
805 1941 955 2018 ecclesie
969 1943 1215 2016 calamitatem
1231 1941 1359 2014 nostris
1373 1946 1592 2037 temporibus
1605 1950 1703 2018 venit
1718 1971 1815 2019 com-

468 2061 743 2136 memorandum
771 2100 779 2116 ·
812 2057 918 2142 Quod
948 2067 1091 2128 veteres
1125 2051 1195 2125 suis
1230 2056 1418 2128 annalibus
1448 2061 1637 2149 quotannis
1669 2065 1812 2156 egregia

467 2178 627 2248 t'acinma
654 2172 781 2242 itidem
809 2181 847 2241 et
874 2168 1018 2240 tuorum
1047 2177 1250 2259 temporum
1271 2169 1494 2240 calamitates
1511 2169 1581 2240 suis
1600 2169 1749 2263 posteris
1766 2176 1811 2245 ml

466 2291 625 2358 futuram
653 2285 704 2355 rei
732 2284 942 2354 memoriam
971 2281 1080 2352 cartis
1106 2290 1144 2349 ct
1172 2281 1388 2352 membranis
1406 2283 1448 2353 acl
1468 2284 1639 2354 bonorum
1669 2285 1811 2358 laudem

465 2411 504 2470 et
531 2397 683 2494 gloriam
712 2393 976 2466 exultationem
1002 2415 1045 2461 re
1070 2393 1214 2462 virtutis
1239 2393 1415 2464 malorum
1438 2418 1518 2463 rcro
1544 2397 1692 2468 ‹lcclieus
1710 2416 1814 2472 retu·

467 2511 607 2604 perium
637 2521 675 2578 et
706 2505 942 2601 ignominiam
968 2500 1189 2574 consueuere
1212 2541 1220 2558 ·
1247 2505 1301 2574 m.
1328 2529 1391 2575 nos
1421 2531 1502 2578 cum
1531 2510 1614 2598 quiri
1650 2512 1813 2585 ridemus

465 2634 530 2694 aut
548 2621 716 2692 audimus
729 2619 874 2712 egregie
892 2618 1025 2687 saltum
1046 2625 1154 2708 turpe
1168 2612 1393 2686 inhonestum
1414 2615 1620 2689 inutitatum
1641 2643 1810 2712 magnum

466 2732 679 2805 incredibile
714 2730 907 2801 ridiculum
936 2728 971 2798 nl
999 2727 1061 2796 cliu
1088 2724 1288 2797 meminill'o
1318 2727 1470 2797 loreum<
1500 2743 1687 2822 propterca
1715 2739 1811 2825 quod

465 2845 568 2916 nulla
579 2839 644 2915 uili
658 2845 703 2915 ad
715 2844 812 2914 noua
825 2853 890 2912 aut
903 2863 960 2912 rcs
979 2837 1164 2909 mirabiles
1181 2851 1432 2910 commonetur
1448 2843 1587 2910 animus
1601 2881 1609 2897 ·
1629 2843 1813 2926 Quamob-

466 2981 542 3027 rem
581 2956 676 3026 lraud
704 2953 987 3049 pretereundum
1016 2950 1188 3020 duximus
1214 2951 1281 3021 lrac
1309 2947 1425 3021 nostra
1452 2949 1665 3044 tcmpcllato
1697 2958 1810 3052 Angli

464 3069 676 3154 (Scotorum
705 3066 807 3159 Rege
832 3064 971 3136 Jacobo
997 3063 1128 3155 quinto
1154 3062 1199 3133 cle
1225 3063 1345 3132 mcclio
1371 3061 1522 3150 lirlrlatot
1548 3067 1707 3138 Scotiam
1729 3073 1813 3164 igne

464 3195 502 3250 ct
535 3181 630 3250 ferro
661 3173 840 3248 hostiliter
871 3177 1086 3247 inuadentcs
1114 3197 1210 3244 anno
1237 3171 1418 3266 l'alutigeri
1455 3191 1575 3267 partus
1610 3193 1738 3268 quarto
1773 3197 1810 3254 et

464 3286 738 3384 quadragesimo
786 3287 899 3382 scl'qui
951 3283 1143 3356 millesnno
1186 3287 1405 3356 reuerendus
1448 3302 1549 3379 pater
1590 3289 1811 3364 Guiliclmus

464 3403 667 3474 Stenardus
697 3401 805 3472 huius
840 3399 968 3494 templi
1003 3395 1274 3469 Abcrdonenlis
1307 3393 1454 3468 antistes
1489 3409 1587 3469 metu
1627 3403 1811 3493 pcrcullirs

465 3515 592 3587 iocalia
609 3528 784 3608 argentea
811 3522 1097 3602 omamcntaquc
1122 3533 1168 3579 cx
1195 3532 1282 3581 auro
1314 3509 1433 3579 textili
1461 3509 1660 3582 lmloeerico
1679 3527 1716 3583 ct
1736 3519 1812 3608 pal.

464 3640 563 3699 mato
581 3649 666 3698 cum
691 3624 805 3696 auleis
817 3625 951 3717 tapetis
964 3647 1005 3694 ac
1017 3618 1328 3715 peristromatibus
1340 3619 1494 3691 ciulilcm
1512 3645 1570 3690 rus
1584 3621 1808 3701 cullorlicndi

464 3737 681 3811 causacum
714 3736 900 3807 nonnullis
934 3731 1160 3826 equestribus
1190 3747 1229 3803 ct
1259 3731 1481 3826 peclcllrilms
1515 3734 1708 3809 clientibus
1738 3738 1810 3812 suis

464 3847 698 3944 transportari
726 3859 764 3918 et
781 3848 911 3920 alnlnci
942 3842 1087 3917 iullill'ct
1112 3881 1121 3900 ·
1147 3843 1219 3914 Seri
1238 3867 1321 3914 cum
1340 3843 1515 3936 paulisper
1541 3861 1639 3916 trans
1658 3865 1808 3940 pontem

465 3961 609 4034 Donum
629 3962 850 4032 rclrcrentur
874 3958 959 4029 ‹lolo
977 3956 1102 4028 fraude
1121 3964 1159 4027 et
1183 3955 1319 4047 iulidijs
1332 3957 1511 4028 cuiulilanr
1526 3957 1654 4030 iacobi
1674 3961 1704 4032 F
1705 3965 1810 4038 orbes

463 4101 485 4146 a
502 4069 677 4144 Corsrmla
702 4096 786 4143 cunr
805 4071 991 4143 nonnullis
1017 4069 1211 4140 comitibus
1236 4080 1275 4139 ct
1301 4069 1515 4140 latcllitibus
1542 4071 1703 4144 Satlrane
1726 4076 1811 4169 lilijs

463 4183 583 4279 stipati
604 4184 726 4255 Deum
746 4208 809 4278 pre
827 4183 941 4255 oculis
960 4183 1110 4253 minimo
1127 4180 1345 4252 habentibus
1364 4179 1530 4252 inlliunu
1558 4183 1735 4257 diabolico
1754 4191 1811 4276 (rt

464 4295 697 4392 presumitur)
723 4299 845 4368 onmia
882 4306 921 4369 ct
962 4292 1100 4388 lingula
1131 4293 1264 4385 jocalia
1296 4294 1331 4364 in
1363 4291 1561 4386 l'upraditto
1604 4295 1809 4371 inuentario

463 4409 526 4482 sex
556 4407 731 4481 calicibus
762 4409 807 4480 ad
835 4408 934 4480 usum
963 4402 1114 4478 ecclelia
1144 4403 1333 4478 rcl'eruatis
1363 4406 1613 4477 tantummodo
1642 4415 1808 4504 exceptis

464 4525 499 4594 ri
523 4531 564 4594 et
589 4518 765 4592 violentia
792 4531 989 4614 rapuerunt
1015 4529 1053 4590 et
1079 4515 1198 4590 secum
1229 4516 1458 4590 adduxeruut
1485 4541 1525 4589 ac
1551 4518 1697 4590 realiter
1723 4547 1806 4597 curn

463 4633 593 4708 effeau
612 4632 851 4704 detinuerunt
868 4633 983 4706 donee
1001 4655 1067 4727 per
1083 4631 1240 4704 eundem
1256 4629 1493 4702 reuerendum
1512 4641 1650 4721 patrem
1670 4631 1808 4712 summa
