4566 5942
472 694 542 764 969
989 687 1300 763 REGISTRUM
1662 694 1813 789 [secum

471 1003 559 1078 Alia
576 1004 676 1078 bulla
691 1006 888 1078 eorundem
906 1006 1058 1079 fratrum
1077 1043 1086 1060 ·

474 1207 719 1306 Innocentius
734 1228 920 1326 episcopus
936 1228 1061 1302 seruus
1075 1227 1262 1302 seruorum
1280 1227 1353 1302 Dei
1372 1229 1635 1302 venerabilibus
1647 1228 1815 1301 fratribus

470 1340 744 1440 archiepiscopis
760 1353 800 1416 et
823 1337 997 1436 episcopis
1014 1352 1053 1414 et
1077 1340 1223 1414 dilessis
1249 1340 1335 1436 filijs
1360 1341 1552 1414 abbatibus
1576 1349 1616 1412 et
1639 1337 1814 1432 prioribus

470 1445 615 1518 decanis
631 1442 892 1515 archidiaconis
903 1450 944 1514 et
956 1441 1037 1534 alijs
1053 1437 1288 1514 ecclesiarum
1306 1439 1455 1536 prelatis
1471 1440 1516 1512 ad
1528 1462 1617 1534 quos
1633 1436 1814 1534 presentes

469 1554 576 1628 litere
586 1552 821 1648 peruenerint
831 1547 986 1624 salutem
999 1561 1039 1624 et
1051 1547 1286 1644 apostolicam
1297 1546 1815 1644 beneuaionem·lteligios0s

470 1669 564 1738 viros
580 1665 710 1736 fratres
735 1662 866 1733 domus
891 1659 1174 1734 lerosolimitani
1198 1661 1386 1758 hospitalis
1412 1687 1476 1760 pro
1501 1664 1674 1759 religione
1691 1670 1731 1733 ct
1752 1655 1828 1730 hot

469 1773 608 1850 nestute
637 1769 700 1844 sua
724 1781 831 1844 tanto
855 1768 1066 1866 propensius
1088 1797 1112 1845 a
1136 1775 1380 1870 malignomm
1405 1773 1602 1850 incursibus
1626 1782 1815 1870 protegere

469 1887 636 1960 volumus
653 1893 693 1956 et
709 1884 805 1956 tueri
818 1894 955 1976 quanto
973 1885 1156 1976 puriorem
1174 1887 1412 1961 deuotionem
1427 1891 1523 1962 circa
1545 1911 1611 1961 nos
1627 1897 1667 1962 et
1683 1886 1815 1958 Roma-

468 2020 552 2072 nam
566 1989 754 2070 ecclesiam
765 1993 897 2068 habere
911 1991 1290 2070 noscuntur·Indeest
1300 1997 1674 2096 quodperapostolica
1685 1997 1814 2091 scripta

469 2107 570 2181 uobis
586 2103 819 2202 precipiendo
836 2104 1050 2179 mandamus
1068 2117 1251 2201 quatenus
1263 2106 1437 2183 uniuersis
1450 2113 1672 2205 parochianis
1690 2106 1814 2182 restris

468 2219 533 2292 sub
550 2217 846 2292 interminatione
863 2218 1107 2292 anathematis
1124 2221 1317 2314 prohibere
1330 2224 1465 2294 curetis
1480 2245 1527 2294 ne
1544 2245 1566 2294 a
1582 2223 1729 2315 prefatis
1746 2222 1814 2293 fru-

466 2331 582 2404 tribus
600 2329 658 2404 vel
679 2351 805 2404 eorum
831 2327 1037 2402 hominibus
1062 2333 1109 2405 de
1127 2332 1346 2406 naualibus
1369 2330 1591 2406 vestimentis
1617 2332 1813 2426 pecudibus

466 2443 526 2516 seu
552 2444 599 2518 de
623 2440 705 2539 ulijs
734 2441 843 2518 rebus
873 2442 1071 2514 eorundem
1098 2445 1252 2518 fratrum
1272 2441 1393 2518 vsrbns
1418 2446 1599 2541 deputatis
1621 2445 1811 2540 pedagium

467 2556 621 2630 vendam
638 2549 836 2654 passagium
861 2555 1069 2650 mugram
1086 2553 1150 2628 seu
1166 2555 1277 2630 aliam
1294 2557 1495 2651 quemlibet
1516 2555 1811 2630 consuetudinem

467 2671 612 2766 exigere
625 2666 684 2742 vel
701 2677 918 2761 extorquere
930 2665 1213 2763 presumpserint
1226 2708 1235 2726 ·
1249 2663 1277 2740 si
1291 2670 1353 2763 qui
1367 2691 1452 2741 vero
1464 2677 1590 2742 contra
1606 2665 1814 2763 probibitio·

466 2803 551 2856 narn
561 2777 719 2856 nostram
730 2782 855 2853 renim
864 2776 1145 2875 presumpserint
1155 2777 1532 2876 eosapresumptioue
1541 2777 1605 2854 sus
1614 2781 1812 2853 monitione

467 2885 632 2988 premissa
643 2915 718 2965 non
736 2889 909 2964 differetis
925 2913 991 2985 per
1006 2892 1398 2964 excommunicationis
1410 2888 1625 2965 sententiam
1643 2914 1811 2964 exercere

466 3017 505 3078 et
521 3005 559 3078 in
577 3003 683 3076 terris
699 2999 726 3074 sr
744 3025 834 3097 quas
851 3003 986 3077 habent
1012 3005 1136 3077 omnia
1151 3004 1279 3076 diuina
1304 3013 1427 3096 preter
1441 3002 1657 3098 baptismum
1684 3028 1812 3098 paruu-

466 3117 582 3188 lorum
612 3124 652 3186 et
676 3115 897 3209 penitentias
921 3116 1155 3187 morientium
1182 3115 1407 3209 prohibeatis
1430 3114 1649 3210 apellatione
1674 3129 1811 3187 remota

466 3229 583 3301 ollicia
605 3226 807 3302 celebrari·
832 3224 950 3322 Super
974 3227 1044 3299 hoc
1065 3223 1159 3299 sicut
1183 3227 1315 3320 prefati
1333 3227 1461 3300 fratres
1483 3222 1643 3301 asserunt
1666 3229 1809 3323 quidam

466 3336 661 3436 presbyteri
679 3348 719 3413 et
734 3337 796 3434 alij
810 3338 931 3412 clerici
947 3335 1065 3412 vestre
1078 3337 1333 3412 iurisdistionis
1346 3340 1384 3413 iu
1398 3335 1558 3433 ecclesijs
1574 3339 1646 3412 illis
1664 3363 1733 3434 que
1746 3364 1809 3436 pro

464 3447 663 3526 excessibus
676 3453 715 3524 in
725 3450 890 3524 domibus
906 3452 1148 3546 proditionum
1161 3452 1316 3525 fratrum
1329 3448 1521 3526 commissas
1534 3449 1600 3524 sub
1616 3451 1808 3526 interdisso

463 3575 639 3640 tenentur
659 3564 785 3637 diuina
801 3561 984 3636 celebrare
1008 3562 1222 3657 presumunt
1238 3587 1301 3638 eos
1319 3559 1346 3636 si
1372 3588 1430 3638 res
1447 3566 1498 3638 ita
1513 3561 1550 3639 se
1572 3565 1722 3639 habeta
1746 3563 1806 3637 suc

465 3675 743 3772 presumptionis
761 3675 909 3749 audacia
926 3697 992 3770 per
1007 3671 1245 3770 suspensionis
1267 3686 1307 3750 et
1332 3678 1715 3751 excommunicationis
1732 3676 1807 3750 serr·

464 3789 619 3862 tentiam
644 3785 887 3882 appellatione
907 3782 1101 3881 postposita
1126 3786 1363 3884 compescatis
1379 3829 1389 3847 ·
1408 3787 1545 3862 Datum
1573 3787 1741 3864 Laterani
1759 3814 1806 3862 xv

466 3899 651 3974 Kalendas
668 3895 800 3992 Marcij
818 3921 914 3971 anno
930 3899 1167 3994 pontificatus
1183 3896 1297 3974 nostri
1316 3901 1483 3974 decimo·

467 4235 553 4309 Alia
569 4233 670 4308 bulla
686 4233 883 4310 eorundem
901 4234 1052 4308 fratrum
1072 4275 1080 4292 ·

465 4437 713 4536 Innocencius
730 4457 915 4554 episcopus
931 4455 1054 4532 seruus
1072 4458 1258 4534 seruorum
1277 4457 1349 4534 Dei
1361 4462 1623 4537 venerabilibus
1640 4465 1805 4536 fratribus

464 4569 736 4668 archiepiscopis
752 4569 926 4667 episcopis
943 4579 983 4644 et
999 4571 1142 4646 diledtis
1158 4571 1243 4666 lilijs
1264 4570 1457 4648 abbatibus
1473 4574 1648 4670 prioribus
1664 4576 1806 4648 decanis
