4590 5954
662 2221 1063 2322 REGISTRUM
1111 2223 1518 2323 ABERDONEN
1529 2226 1619 2324 SE.

471 2811 580 2882 Bulla
601 2812 697 2904 Pnpe
717 2809 870 2902 Honorij
889 2811 935 2880 de
953 2809 1118 2882 Concilio
1139 2809 1355 2882 Prouineinli
1373 2811 1521 2882 Sentie-

473 3011 675 3106 Honorius
700 3031 887 3127 episcopus
913 3033 1037 3106 seruus
1064 3033 1248 3106 seruorum
1268 3034 1335 3106 Dei
1355 3035 1616 3108 venerabilibus
1643 3036 1812 3108 srntribus

470 3145 640 3218 vniuersrs
668 3145 843 3240 episeopis
870 3147 971 3242 regni
1000 3146 1125 3218 Scotie
1150 3145 1302 3219 salutem
1329 3161 1367 3218 et
1389 3145 1617 3241 apostolicam
1646 3148 1814 3221 benedic-

469 3263 604 3330 tionem
624 3298 632 3312 ·
651 3259 808 3343 Quidam
823 3254 981 3330 vestrum
1001 3281 1116 3351 nuper
1131 3259 1278 3331 nuribus
1295 3255 1421 3330 nostris
1439 3262 1699 3332 intimnuernnt
1716 3264 1811 3352 qnod

468 3397 549 3443 onrn
570 3395 641 3444 non
660 3372 843 3444 haberetis
869 3371 1175 3465 archiepiscopum
1202 3375 1304 3444 euius
1329 3373 1541 3443 auetoritnte
1567 3366 1703 3464 poffitis
1728 3397 1813 3445 con-

468 3485 590 3556 riiiunr
620 3481 842 3578 prouineinle
867 3481 1051 3554 celebrare
1077 3486 1257 3578 contingit
1275 3486 1311 3554 in
1329 3507 1439 3578 regno
1465 3483 1587 3556 scotie
1604 3487 1700 3576 quod
1719 3483 1813 3558 est'n

468 3597 549 3668 sede
567 3592 760 3690 apostoliea
778 3605 854 3666 tarn
872 3604 1054 3666 remotum
1074 3591 1209 3667 intuta
1233 3595 1385 3691 neegiigi
1412 3594 1552 3687 coneilij
1577 3597 1757 3689 generalis
1774 3611 1813 3670 et

467 3711 628 3780 enormia
652 3707 808 3801 plurimo
832 3707 1014 3778 committi
1038 3729 1110 3798 que
1135 3717 1324 3779 remanent
1348 3709 1524 3800 impunito
1541 3743 1550 3762 ·
1567 3706 1662 3778 Cunr
1688 3720 1811 3782 nutem

468 3819 700 3914 pmuinciniin
727 3817 881 3890 eoncilia
905 3819 1027 3890 omitti
1055 3839 1127 3888 non
1154 3818 1311 3890 debeant
1333 3821 1368 3889 in
1385 3818 1515 3911 quibus
1531 3818 1577 3889 de
1593 3821 1813 3914 corrigendis

467 3929 668 4004 exeessibus
692 3943 731 4002 et
762 3930 922 4002 moribus
952 3930 1189 4002 reformandis
1217 3929 1371 4024 diligens
1400 3927 1453 4002 est
1475 3931 1699 4003 adhibendus
1728 3955 1810 4004 cunr

470 4044 537 4116 Dei
564 4047 695 4116 timore
721 4041 898 4118 meratus
915 4066 957 4116 nc
974 4043 1148 4116 cononice
1165 4039 1248 4114 sunt
1265 4042 1455 4138 relegende
1476 4042 1598 4138 regulo
1615 4069 1656 4116 ne
1673 4045 1813 4118 conier-

467 4158 585 4230 nnnde
611 4159 771 4230 maxime
797 4179 869 4248 que
895 4157 932 4226 in
958 4154 1086 4226 eodem
1116 4154 1276 4250 generali
1304 4156 1455 4228 coneilio
1482 4155 1563 4226 iirnt
1589 4153 1723 4230 statute
1749 4183 1814 4253 per

466 4266 660 4364 nrnssoiien
677 4269 778 4340 robis
796 4265 929 4362 scripte
953 4267 1168 4340 mandamus
1185 4278 1363 4360 quanenns
1385 4289 1466 4340 enm
1494 4268 1812 4362 metropolitanum

466 4379 659 4454 noscamini
695 4404 767 4452 non
803 4380 937 4453 habere
967 4379 1184 4452 nueioritnte
1219 4376 1339 4452 nostre
1372 4379 1590 4474 pronineirle
1618 4382 1812 4458 concilium

466 4494 658 4567 celebretis
684 4531 693 4548 ·
720 4491 860 4564 Datum
887 4492 983 4588 opud
1008 4489 1190 4586 Tyberym
1216 4493 1292 4586 xiiij
1316 4533 1324 4552 ·
1344 4491 1426 4566 Kal.
1453 4491 1554 4586 Junij
1581 4493 1813 4585 pontificatus

467 4603 575 4679 nostri
594 4628 691 4679 anno
708 4627 805 4677 nono
824 4645 831 4662 ·
