4590 5954
469 703 577 798 xum]
947 708 1352 784 ABERDONENSE.
1773 723 1817 794 17

469 915 642 975 curantur
670 927 742 975 non
772 929 843 999 quo
874 910 1129 1003 percipiuntur
1155 912 1318 1000 accipere
1345 908 1516 978 debemus
1543 917 1580 978 et
1604 908 1670 978 hoo
1701 908 1814 1001 ipsum

469 1018 566 1086 iuter
583 1015 809 1110 episcopatus
827 1019 1040 1094 obseruetur
1058 1061 1065 1078 ·

900 1239 1136 1315 XXXVIII.
1165 1239 1222 1310 De
1241 1242 1366 1311 eodem
1385 1280 1392 1294 ·

469 1463 564 1536 Item
594 1465 783 1541 statuimus
810 1466 835 1540 fi
863 1465 1102 1561 parochianus
1130 1462 1280 1534 alicuius
1308 1460 1455 1536 ecclefie
1481 1487 1544 1558 per
1570 1465 1728 1538 mensem
1756 1469 1810 1538 vol

468 1575 561 1650 vitta
583 1592 730 1675 propter
752 1580 900 1651 herbam
929 1598 1013 1647 cum
1037 1571 1109 1644 suis
1135 1576 1264 1666 auerijs
1281 1577 1318 1645 in
1336 1577 1405 1647 alia
1431 1579 1596 1670 parochia
1616 1602 1812 1650 eouuuoro-

466 1685 527 1760 tur
544 1691 580 1762 id
598 1694 693 1786 quod
712 1689 817 1785 supra
833 1687 972 1760 ditium
991 1681 1046 1757 est
1063 1685 1109 1756 de
1127 1686 1256 1756 ouibus
1273 1687 1480 1758 obsuruetur
1497 1730 1505 1744 ·

919 1908 1113 1982 XXXIX.
1141 1909 1200 1981 Do
1218 1912 1343 1983 eodem
1361 1951 1369 1964 ·

466 2139 561 2211 Item
589 2137 780 2211 statuimus
806 2139 903 2232 quod
931 2136 1144 2210 animalium
1172 2159 1243 2228 que
1270 2137 1403 2207 cubant
1427 2139 1462 2206 iu
1481 2159 1549 2209 una
1578 2140 1743 2230 parochia
1771 2151 1807 2209 ut

465 2249 615 2344 pascunt
642 2253 678 2321 iu
706 2250 778 2322 alia
808 2273 873 2343 per
900 2261 1022 2321 totam
1047 2271 1183 2320 aunum
1208 2249 1347 2320 decime
1370 2249 1577 2321 diuiduntur
1602 2250 1808 2343 oquaiitar·

465 2361 488 2432 ti
516 2373 638 2434 autem
666 2363 910 2434 communitor
940 2362 1137 2456 pascuntur
1167 2363 1203 2431 in
1231 2369 1381 2452 utraque
1411 2362 1578 2452 parochia
1607 2375 1641 2432 ot
1673 2364 1808 2434 cubant

464 2485 605 2544 tautum
634 2476 672 2545 in
693 2496 765 2544 vno
789 2473 852 2544 iila
878 2473 917 2544 iu
942 2496 1016 2565 qua
1039 2472 1176 2544 cubant
1203 2481 1274 2542 tres
1300 2485 1417 2564 partos
1443 2475 1590 2565 recipiat
1617 2485 1654 2546 ot
1681 2487 1809 2567 quarm

464 2607 543 2676 pars
560 2592 746 2655 remaneat
763 2579 914 2654 ecclesio
932 2585 969 2652 in
988 2583 1092 2654 ouius
1109 2582 1278 2675 parochia
1295 2580 1486 2673 pascuntur
1504 2625 1512 2639 ·

734 2804 818 2875 XL.
846 2804 905 2874 Do
922 2803 1064 2874 docimo
1083 2803 1157 2874 soni
1176 2813 1214 2874 et
1231 2803 1517 2874 molendinorum
1537 2845 1544 2860 ·

467 3028 557 3098 item
589 3025 779 3097 statuimus
807 3029 852 3098 do
881 3028 1033 3098 decimis
1065 3028 1138 3098 soni
1165 3037 1202 3097 ot
1230 3027 1515 3098 molomiiuorum
1543 3032 1635 3120 quod
1668 3034 1807 3126 integro

464 3137 710 3231 porsoluautur
727 3180 735 3195 ·
755 3163 844 3230 quas
863 3137 888 3210 si
906 3138 1039 3231 aliquis
1056 3138 1194 3210 saluum
1212 3139 1363 3209 noiuorit
1389 3137 1463 3230 posi
1483 3142 1612 3210 trinam
1632 3145 1806 3213 ammoni-

463 3255 599 3322 aionem
619 3253 982 3322 auctuumuuiuotur·

902 3473 1008 3544 Xbl.
1037 3472 1095 3544 lu·
1112 3476 1340 3566 mercenariis
1359 3515 1366 3530 ·

466 3699 556 3770 stom
582 3697 771 3770 statuimus
797 3700 893 3792 qumi
920 3697 1071 3770 sufficiat
1089 3723 1110 3770 a
1128 3700 1355 3789 mercenarijs
1380 3701 1438 3790 qui
1466 3723 1572 3792 olmra
1598 3699 1657 3770 sua
1684 3701 1801 3773 locant

463 3835 524 3904 pro
542 3812 690 3882 dimidia
706 3833 828 3882 marca
846 3810 903 3882 voi
927 3811 1020 3882 iufra
1038 3814 1184 3904 exigam
1202 3824 1275 3881 trus
1292 3810 1491 3883 oblationes
1509 3835 1571 3905 pur
1588 3835 1720 3884 ammm
1741 3837 1803 3907 pro

461 3925 599 3995 «imima
617 3924 792 3994 mora-odis
809 3945 919 4015 quam
937 3924 1120 4016 recipiunt
1138 3963 1146 3979 ·

811 4146 937 4217 xull.
967 4145 1025 4218 Do
1042 4147 1184 4219 decima
1202 4147 1433 4239 piscationum
1453 4185 1461 4202 ·

462 4371 557 4442 Itoni
588 4366 778 4442 statuimus
808 4373 854 4444 de
885 4373 1038 4444 decimis
1069 4370 1284 4465 piscatorum
1315 4372 1407 4463 quod
1439 4371 1538 4442 nulla
1567 4371 1716 4464 {ursiana
1745 4373 1802 4444 voi

462 4484 613 4554 vicarius
635 4482 682 4553 ab
707 4481 836 4554 alianis
861 4482 1089 4577 parochianis
1114 4483 1271 4554 decimas
1298 4482 1529 4576 piscationum
1555 4486 1700 4577 exigere
1724 4509 1804 4578 pra-

476 4607 576 4666 umat
602 4589 666 4664 uisa
685 4597 855 4687 quamdiu
876 4598 911 4666 in
931 4592 994 4667 saa
1012 4595 1177 4689 parochia
1195 4595 1318 4666 domos
1335 4597 1574 4668 conduxerint
1592 4596 1647 4668 vol
1674 4597 1804 4670 namati-

511 4727 594 4778 vot.
615 4727 653 4776 u.
1125 4731 1146 4777 c
