4526 5954
438 747 547 844 xna]
589 839 592 846 Δ
902 747 1306 828 ABERDONENSE.
1701 750 1772 825 27³

436 952 609 1024 memorio
626 951 809 1047 quondam
826 951 1042 1050 Rudulphne
1057 950 1239 1049 episeopus
1254 938 1521 1020 Aberdonenfis
1536 943 1583 1014 de
1599 938 1771 1015 oonsensu

435 1071 474 1134 et
491 1058 627 1138 allensu
644 1066 798 1162 capituli
814 1061 966 1142 eoeleste
980 1057 1248 1140 Aberdoneufis
1259 1057 1347 1130 feeit
1362 1055 1500 1129 intuitu
1511 1053 1671 1126 caritatis
1688 1051 1770 1126 Deo

435 1184 475 1248 et
490 1175 598 1250 beate
615 1177 738 1254 Murie
753 1187 795 1253 et
811 1179 983 1253 frutribus
998 1177 1130 1250 militie
1145 1168 1273 1264 templi
1291 1166 1494 1240 Salomonis
1510 1163 1557 1238 de
1567 1163 1593 1235 J
1595 1161 1769 1237 emsalem

435 1288 480 1361 de
497 1286 647 1365 ecelesia
661 1292 709 1366 de
725 1288 880 1386 Obeyne
906 1312 991 1362 oum
1015 1285 1162 1382 capellis
1177 1281 1282 1355 terris
1298 1279 1448 1352 decimis
1464 1274 1705 1349 oblationibus
1729 1284 1770 1348 et

435 1403 564 1476 ueteris
590 1403 760 1477 omnibns
785 1397 1017 1498 pertinentijs
1042 1396 1113 1469 suis
1133 1392 1346 1466 ·'l¹enendes
1368 1397 1408 1463 et
1432 1388 1613 1462 habendus
1634 1383 1768 1460 eisdem

434 1510 604 1587 fratribus
629 1515 692 1608 qui
716 1534 783 1608 pro
807 1520 973 1605 tempore
997 1507 1132 1580 fuerint
1157 1505 1196 1576 iu
1220 1503 1380 1598 proprios
1403 1497 1483 1573 rsus
1499 1501 1537 1572 in
1553 1506 1768 1594 perpetuum

435 1622 600 1699 danobis
617 1633 657 1698 et
672 1621 868 1698 heredibus
883 1617 1013 1694 nostris
1024 1613 1218 1690 seeundum
1230 1615 1328 1710 quod
1343 1615 1382 1688 in
1397 1608 1642 1686 instmmentis
1658 1609 1769 1682 cartis

434 1746 473 1811 et
489 1737 727 1810 munimentis
743 1733 923 1807 didtorum
940 1740 980 1804 et
996 1729 1146 1826 capituli
1172 1723 1305 1802 eisdem
1328 1725 1498 1800 iratribus
1524 1722 1657 1797 exinde
1683 1742 1769 1794 oon·

432 1849 537 1922 fedis
552 1848 696 1944 plenius
721 1845 934 1920 continetur
954 1839 1052 1916 snlua
1067 1850 1242 1937 perpetuo
1254 1839 1387 1913 vicario
1403 1859 1468 1932 per
1484 1833 1626 1909 eosdem
1638 1833 1768 1906 fratres

432 1958 638 2053 presentato
650 1957 776 2030 debita
788 1964 828 2027 et
840 1951 1014 2028 consueta
1021 1955 1187 2050 portione
1197 1950 1260 2026 sua
1270 1953 1310 2025 in
1324 1948 1401 2046 ipsa
1412 1944 1562 2023 eoeleste
1573 1983 1583 2004 ·
1596 1945 1768 2019 Rutilioa·

431 2093 514 2144 mus
530 2071 641 2144 etiam
657 2063 964 2162 presentationem
981 2089 1046 2162 per
1059 2067 1235 2162 proditius
1250 2065 1379 2138 frames
1390 2063 1521 2136 fultum
1538 2059 1584 2133 de
1598 2056 1767 2131 Jobnnne

432 2182 478 2256 de
495 2180 667 2254 Anundia
682 2175 873 2272 capellano
890 2173 1010 2250 nostro
1025 2178 1072 2252 ad
1088 2179 1256 2252 vicariam
1272 2176 1368 2249 diue
1387 2169 1535 2249 eoelefio
1551 2171 1597 2244 de
1612 2167 1767 2266 Obeyne

432 2293 593 2367 vaountis
618 2291 664 2363 de
688 2289 768 2361 iure
793 2296 834 2361 et
857 2288 904 2362 de
926 2290 1045 2364 fatto·
1062 2288 1290 2386 Quapropter
1312 2286 1462 2383 plenum
1485 2287 1543 2359 ius
1567 2292 1767 2356 memorate
1889 2308 1895 2318 ·
1933 2313 1939 2322 ¹

430 2399 580 2480 eoolefie
593 2401 639 2476 de
649 2397 804 2496 Obeyne
821 2422 905 2474 eum
921 2400 1088 2474 omnibus
1104 2399 1175 2474 suis
1190 2401 1329 2474 iuribus
1340 2408 1381 2474 et
1394 2394 1623 2496 pertinentijs
1631 2391 1767 2468 eisdem

430 2514 599 2591 fratribus
623 2511 847 2586 contulimus
873 2522 913 2588 et
938 2511 1227 2588 conseruauimns
1250 2512 1506 2607 inperpetuum
1530 2507 1668 2580 intuitu
1692 2529 1771 2580 oar·

429 2621 737 2701 itatie·'l'estibus
748 2622 962 2697 Alexandro
971 2623 1110 2720 Gomyn
1124 2625 1256 2697 eomite
1264 2623 1312 2697 de
1322 2619 1495 2696 Buehnne
1503 2614 1768 2692 oonstubulurio

431 2737 555 2812 Sontie
569 2779 578 2798 ·
591 2734 752 2832 Hugone
763 2735 810 2808 de
822 2733 1050 2833 Abirnetby·
1061 2734 1182 2810 Dauid
1193 2737 1239 2809 de
1249 2733 1413 2808 Loohore
1424 2774 1435 2793 ·
1446 2731 1605 2825 Symouo
1620 2725 1765 2802 Froser·

431 2859 471 2941 et
482 2847 676 2922 Willelmo
688 2848 736 2922 de
753 2845 888 2922 sinuo
905 2846 1014 2922 cluo
1030 2887 1040 2908 ·
1056 2847 1169 2945 Apud
1182 2847 1308 2922 Foriur
1319 2845 1547 2942 quindecimo
1557 2840 1617 2913 die
1627 2837 1768 2935 Aprilis

429 2983 525 3034 anno
540 2959 644 3058 regni
660 2956 773 3033 nostri
787 2953 956 3034 vioefimo
972 2961 1098 3036 adnuo
1114 3002 1124 3021 ·

429 3281 590 3468 Dopetio
614 3281 730 3469 Alpspi
754 3277 906 3381 Ostiarij
931 3283 1044 3380 patris
1066 3281 1233 3380 hospitali
1256 3284 1408 3360 liundato
1423 3287 1520 3380 apud
1543 3285 1763 3386 Kynoardyn

429 3419 498 3470 one
512 3419 535 3469 e
550 3417 663 3469 conoe
729 3433 739 3454 ·

432 3591 629 3698 Omnibus
653 3614 787 3694 Christi
812 3617 981 3694 fidelibus
1003 3616 1148 3716 presens
1171 3620 1343 3718 seriptum
1366 3615 1491 3696 visuris
1506 3622 1566 3699 vel
1588 3625 1766 3700 audituris

430 3733 572 3808 Alanus
587 3727 780 3812 hostiarius
795 3726 1013 3806 iustioiarius
1035 3730 1160 3809 Sootie
1183 3729 1336 3808 salutem
1358 3739 1520 3810 eternam
1536 3735 1575 3810 in
1590 3737 1764 3813 domino·

431 3845 590 3920 Nouerit
618 3839 833 3918 vniuerfitns
865 3838 986 3918 vestra
1014 3866 1082 3919 nos
1113 3841 1244 3920 dedille
1272 3839 1475 3920 eouoelliil'e
1502 3857 1542 3923 et
1568 3849 1637 3924 buo
1665 3860 1767 3926 oarta

430 3955 552 4033 nostra
567 3951 791 4031 eonfirmaile
811 3953 896 4030 Deo
913 3963 953 4030 et
968 3953 1077 4032 beato
1100 3956 1220 4032 Maris
1235 3965 1275 4032 et
1290 3955 1460 4031 frutribus
1484 3957 1668 4056 hospitalis
1683 3962 1767 4037 fun·

431 4072 507 4146 dati
530 4093 555 4144 a
577 4067 684 4143 nobis
716 4067 815 4163 apud
839 4065 1063 4165 Kynoardyn
1087 4068 1193 4145 onele
1215 4069 1306 4144 dnus
1330 4067 1508 4144 muschus
1531 4079 1628 4148 terre
1652 4095 1766 4148 vnum

431 4181 528 4281 quod
560 4189 713 4255 rooatur
738 4179 925 4277 Sndluyth
949 4189 989 4256 et
1016 4180 1116 4256 ubud
1139 4181 1237 4279 quod
1265 4189 1417 4256 sonatur
1438 4178 1767 4282 Kyneardynonelo

430 4316 514 4371 oum
539 4291 680 4366 duabus
700 4293 808 4366 terris
830 4292 927 4393 infra
948 4290 1066 4389 ipsum
1086 4294 1224 4370 danaeb
1247 4294 1294 4369 do
1316 4290 1622 4392 Kynoardynonel
1646 4297 1767 4374 iwan·

431 4407 530 4481 tibus
557 4402 732 4479 videlieet
759 4401 985 4479 Patblrellolr
1017 4415 1058 4482 et
1088 4403 1282 4504 Gurllogay
1304 4428 1371 4503 per
1392 4405 1508 4482 rodus
1530 4405 1661 4484 diuisas
1684 4399 1767 4487 sud

431 4539 552 4594 eoram
567 4515 674 4622 nobis
688 4523 729 4590 et
745 4512 827 4612 albe
850 4515 974 4614 probis
998 4518 1084 4594 viris
1106 4517 1372 4616 perambulator
1394 4557 1405 4578 ·
1430 4513 1492 4592 lta
1514 4515 1653 4597 seilioet
1672 4517 1767 4598 lieut

432 4629 571 4706 nautor
595 4623 784 4704 deseendit
804 4627 845 4704 in
861 4625 945 4706 Dee
958 4633 1069 4713 etita
1089 4653 1156 4729 per
1180 4629 1320 4708 Loutor
1339 4625 1564 4708 usoendendo
1587 4629 1698 4731 rique
1719 4635 1767 4712 od

481 4761 565 4820 ror..
582 4759 625 4816 ιι.
1077 4749 1149 4820 tur
