<?xml version="1.0" encoding="UTF-8"?>
<!DOCTYPE html PUBLIC "-//W3C//DTD XHTML 1.0 Transitional//EN"
    "http://www.w3.org/TR/xhtml1/DTD/xhtml1-transitional.dtd">
<html xmlns="http://www.w3.org/1999/xhtml" xml:lang="en" lang="en">
 <head>
  <title>
</title>
<meta http-equiv="Content-Type" content="text/html;charset=utf-8" />
  <meta name='ocr-system' content='tesseract 3.04.00' />
  <meta name='ocr-capabilities' content='ocr_page ocr_carea ocr_par ocr_line ocrx_word'/>
</head>
<body>
  <div class='ocr_page' id='page_1' title='image "./registrumepisco00innegoog_0098.png"; bbox 0 0 4612 5964; ppageno 0'>
   <div class='ocr_carea' id='block_1_1' title="bbox 499 790 1385 886">
    <p class='ocr_par' dir='ltr' id='par_1_1' title="bbox 499 790 1385 886">
     <span class='ocr_line' id='line_1_1' title="bbox 499 790 1385 886; baseline 0.001 -23"><span class='ocrx_word' id='word_1_1' title='bbox 499 790 608 886; x_wconf 78' lang='lat' dir='ltr'>xnu]</span> <span class='ocrx_word' id='word_1_2' title='bbox 975 792 1385 866; x_wconf 85' lang='lat' dir='ltr'><strong>ABERDONENSE.</strong></span> 
     </span>
    </p>
   </div>
   <div class='ocr_carea' id='block_1_2' title="bbox 591 1039 1765 1139">
    <p class='ocr_par' dir='ltr' id='par_1_2' title="bbox 591 1039 1765 1139">
     <span class='ocr_line' id='line_1_2' title="bbox 591 1039 1765 1139; baseline -0.003 -24"><span class='ocrx_word' id='word_1_3' title='bbox 591 1043 648 1116; x_wconf 90' lang='lat' dir='ltr'>De</span> <span class='ocrx_word' id='word_1_4' title='bbox 666 1045 913 1120; x_wconf 78' lang='lat' dir='ltr'>iurisdittione</span> <span class='ocrx_word' id='word_1_5' title='bbox 931 1050 1059 1122; x_wconf 88' lang='lat' dir='ltr'>decani</span> <span class='ocrx_word' id='word_1_6' title='bbox 1078 1071 1161 1120; x_wconf 81' lang='lat' dir='ltr'>cunr</span> <span class='ocrx_word' id='word_1_7' title='bbox 1181 1043 1341 1139; x_wconf 86' lang='lat' dir='ltr'>capitulo</span> <span class='ocrx_word' id='word_1_8' title='bbox 1360 1043 1453 1114; x_wconf 83' lang='lat' dir='ltr'>infre</span> <span class='ocrx_word' id='word_1_9' title='bbox 1470 1049 1576 1134; x_wconf 88' lang='lat' dir='ltr'>cepta</span> <span class='ocrx_word' id='word_1_10' title='bbox 1594 1039 1738 1112; x_wconf 85' lang='lat' dir='ltr'>claustri</span> <span class='ocrx_word' id='word_1_11' title='bbox 1758 1085 1765 1098; x_wconf 93' lang='lat'><strong>·</strong></span> 
     </span>
    </p>
   </div>
   <div class='ocr_carea' id='block_1_3' title="bbox 495 1207 2067 2644">
    <p class='ocr_par' dir='ltr' id='par_1_3' title="bbox 497 1207 1856 1306">
     <span class='ocr_line' id='line_1_3' title="bbox 497 1207 1856 1306; baseline 0 -25"><span class='ocrx_word' id='word_1_12' title='bbox 497 1211 640 1306; x_wconf 81' lang='lat' dir='ltr'>Singuli</span> <span class='ocrx_word' id='word_1_13' title='bbox 659 1226 785 1286; x_wconf 84' lang='lat' dir='ltr'>autem</span> <span class='ocrx_word' id='word_1_14' title='bbox 804 1217 969 1290; x_wconf 87' lang='lat' dir='ltr'>canonici</span> <span class='ocrx_word' id='word_1_15' title='bbox 984 1217 1121 1286; x_wconf 87' lang='lat' dir='ltr'>decano</span> <span class='ocrx_word' id='word_1_16' title='bbox 1140 1209 1291 1302; x_wconf 86' lang='lat' dir='ltr'>srmpliei</span> <span class='ocrx_word' id='word_1_17' title='bbox 1310 1208 1420 1279; x_wconf 88' lang='lat' dir='ltr'>verbo</span> <span class='ocrx_word' id='word_1_18' title='bbox 1437 1207 1686 1280; x_wconf 81' lang='lat' dir='ltr'>obedienciam</span> <span class='ocrx_word' id='word_1_19' title='bbox 1705 1213 1856 1302; x_wconf 90' lang='lat' dir='ltr'>promit-</span> 
     </span>
    </p>

    <p class='ocr_par' dir='ltr' id='par_1_4' title="bbox 497 1321 1855 1530">
     <span class='ocr_line' id='line_1_4' title="bbox 497 1321 1853 1413; baseline 0 -21"><span class='ocrx_word' id='word_1_20' title='bbox 497 1333 579 1393; x_wconf 91' lang='lat' dir='ltr'>tant</span> <span class='ocrx_word' id='word_1_21' title='bbox 593 1363 602 1380; x_wconf 92' lang='lat'><strong>·</strong></span> <span class='ocrx_word' id='word_1_22' title='bbox 617 1323 685 1396; x_wconf 87' lang='lat' dir='ltr'>lroe</span> <span class='ocrx_word' id='word_1_23' title='bbox 699 1327 796 1397; x_wconf 88' lang='lat' dir='ltr'>idem</span> <span class='ocrx_word' id='word_1_24' title='bbox 812 1329 858 1398; x_wconf 85' lang='lat' dir='ltr'>ad</span> <span class='ocrx_word' id='word_1_25' title='bbox 871 1327 1164 1398; x_wconf 81' lang='lat' dir='ltr'><strong>archidiaconum</strong></span> <span class='ocrx_word' id='word_1_26' title='bbox 1179 1321 1347 1391; x_wconf 78' lang='lat' dir='ltr'>volumus</span> <span class='ocrx_word' id='word_1_27' title='bbox 1360 1321 1508 1392; x_wconf 89' lang='lat' dir='ltr'>extendi</span> <span class='ocrx_word' id='word_1_28' title='bbox 1524 1359 1532 1377; x_wconf 92' lang='lat'><strong>·</strong></span> <span class='ocrx_word' id='word_1_29' title='bbox 1547 1321 1745 1392; x_wconf 81' lang='lat' dir='ltr'>adicientes</span> <span class='ocrx_word' id='word_1_30' title='bbox 1758 1323 1853 1413; x_wconf 90' lang='lat' dir='ltr'>quod</span> 
     </span>
     <span class='ocr_line' id='line_1_5' title="bbox 498 1431 1855 1530; baseline 0.002 -27"><span class='ocrx_word' id='word_1_31' title='bbox 498 1431 696 1530; x_wconf 86' lang='lat' dir='ltr'>Episcopus</span> <span class='ocrx_word' id='word_1_32' title='bbox 721 1439 817 1510; x_wconf 85' lang='lat' dir='ltr'>inira</span> <span class='ocrx_word' id='word_1_33' title='bbox 839 1448 947 1530; x_wconf 88' lang='lat' dir='ltr'>cepta</span> <span class='ocrx_word' id='word_1_34' title='bbox 967 1431 1112 1507; x_wconf 85' lang='lat' dir='ltr'>claustri</span> <span class='ocrx_word' id='word_1_35' title='bbox 1141 1435 1399 1504; x_wconf 89' lang='lat' dir='ltr'>canonicorum</span> <span class='ocrx_word' id='word_1_36' title='bbox 1417 1434 1453 1502; x_wconf 92' lang='lat' dir='ltr'>in</span> <span class='ocrx_word' id='word_1_37' title='bbox 1471 1435 1662 1504; x_wconf 89' lang='lat' dir='ltr'>canonicos</span> <span class='ocrx_word' id='word_1_38' title='bbox 1680 1433 1742 1504; x_wconf 88' lang='lat' dir='ltr'>seu</span> <span class='ocrx_word' id='word_1_39' title='bbox 1761 1436 1855 1506; x_wconf 86' lang='lat' dir='ltr'>vica-</span> 
     </span>
    </p>

    <p class='ocr_par' dir='ltr' id='par_1_5' title="bbox 497 1543 1853 1640">
     <span class='ocr_line' id='line_1_6' title="bbox 497 1543 1853 1640; baseline 0 -26"><span class='ocrx_word' id='word_1_40' title='bbox 497 1547 567 1617; x_wconf 86' lang='lat' dir='ltr'>rios</span> <span class='ocrx_word' id='word_1_41' title='bbox 586 1548 643 1619; x_wconf 89' lang='lat' dir='ltr'>vel</span> <span class='ocrx_word' id='word_1_42' title='bbox 661 1572 789 1621; x_wconf 89' lang='lat' dir='ltr'>eorum</span> <span class='ocrx_word' id='word_1_43' title='bbox 815 1548 996 1640; x_wconf 87' lang='lat' dir='ltr'>mancipia</span> <span class='ocrx_word' id='word_1_44' title='bbox 1014 1547 1156 1616; x_wconf 89' lang='lat' dir='ltr'>ratione</span> <span class='ocrx_word' id='word_1_45' title='bbox 1174 1543 1388 1614; x_wconf 74' lang='lat' dir='ltr'>delictorum</span> <span class='ocrx_word' id='word_1_46' title='bbox 1408 1545 1542 1615; x_wconf 91' lang='lat' dir='ltr'>ibidem</span> <span class='ocrx_word' id='word_1_47' title='bbox 1563 1555 1853 1637; x_wconf 81' lang='lat' dir='ltr'>perpetratorum</span> 
     </span>
    </p>

    <p class='ocr_par' dir='ltr' id='par_1_6' title="bbox 497 1653 1853 1747">
     <span class='ocr_line' id='line_1_7' title="bbox 497 1653 1853 1747; baseline 0.001 -22"><span class='ocrx_word' id='word_1_48' title='bbox 497 1653 571 1728; x_wconf 90' lang='lat' dir='ltr'>line</span> <span class='ocrx_word' id='word_1_49' title='bbox 589 1663 795 1733; x_wconf 77' lang='lat' dir='ltr'>contractus</span> <span class='ocrx_word' id='word_1_50' title='bbox 819 1656 893 1729; x_wconf 88' lang='lat' dir='ltr'>srue</span> <span class='ocrx_word' id='word_1_51' title='bbox 917 1659 969 1728; x_wconf 89' lang='lat' dir='ltr'>rei</span> <span class='ocrx_word' id='word_1_52' title='bbox 997 1654 1136 1726; x_wconf 88' lang='lat' dir='ltr'>nullam</span> <span class='ocrx_word' id='word_1_53' title='bbox 1166 1653 1305 1747; x_wconf 88' lang='lat' dir='ltr'>prorsus</span> <span class='ocrx_word' id='word_1_54' title='bbox 1329 1654 1462 1726; x_wconf 84' lang='lat' dir='ltr'>habeat</span> <span class='ocrx_word' id='word_1_55' title='bbox 1487 1654 1765 1728; x_wconf 74' lang='lat' dir='ltr'>iurisdietionem</span> <span class='ocrx_word' id='word_1_56' title='bbox 1792 1655 1853 1728; x_wconf 91' lang='lat' dir='ltr'>sed</span> 
     </span>
    </p>

    <p class='ocr_par' dir='ltr' id='par_1_7' title="bbox 495 1763 1851 1864">
     <span class='ocr_line' id='line_1_8' title="bbox 495 1763 1851 1864; baseline -0.001 -25"><span class='ocrx_word' id='word_1_57' title='bbox 495 1768 540 1840; x_wconf 83' lang='lat' dir='ltr'>ud</span> <span class='ocrx_word' id='word_1_58' title='bbox 558 1771 759 1864; x_wconf 89' lang='lat' dir='ltr'>capitulum</span> <span class='ocrx_word' id='word_1_59' title='bbox 779 1779 925 1842; x_wconf 88' lang='lat' dir='ltr'>tantum</span> <span class='ocrx_word' id='word_1_60' title='bbox 944 1779 983 1839; x_wconf 89' lang='lat' dir='ltr'>et</span> <span class='ocrx_word' id='word_1_61' title='bbox 1000 1767 1179 1838; x_wconf 83' lang='lat' dir='ltr'>decanum</span> <span class='ocrx_word' id='word_1_62' title='bbox 1197 1767 1256 1838; x_wconf 90' lang='lat' dir='ltr'>oui</span> <span class='ocrx_word' id='word_1_63' title='bbox 1275 1789 1321 1837; x_wconf 85' lang='lat' dir='ltr'>ex</span> <span class='ocrx_word' id='word_1_64' title='bbox 1340 1766 1464 1836; x_wconf 91' lang='lat' dir='ltr'>debito</span> <span class='ocrx_word' id='word_1_65' title='bbox 1477 1767 1583 1859; x_wconf 86' lang='lat' dir='ltr'>offieij</span> <span class='ocrx_word' id='word_1_66' title='bbox 1602 1763 1654 1836; x_wconf 88' lang='lat' dir='ltr'>sui</span> <span class='ocrx_word' id='word_1_67' title='bbox 1673 1769 1851 1839; x_wconf 89' lang='lat' dir='ltr'>incumbit</span> 
     </span>
    </p>

    <p class='ocr_par' dir='ltr' id='par_1_8' title="bbox 495 1879 2067 2644">
     <span class='ocr_line' id='line_1_9' title="bbox 497 1879 1851 1976; baseline -0.004 -23"><span class='ocrx_word' id='word_1_68' title='bbox 497 1879 578 1976; x_wconf 89' lang='lat' dir='ltr'>[ut]</span> <span class='ocrx_word' id='word_1_69' title='bbox 598 1884 767 1955; x_wconf 88' lang='lat' dir='ltr'>omuibus</span> <span class='ocrx_word' id='word_1_70' title='bbox 784 1881 968 1954; x_wconf 86' lang='lat' dir='ltr'>canonicis</span> <span class='ocrx_word' id='word_1_71' title='bbox 980 1890 1020 1952; x_wconf 87' lang='lat' dir='ltr'>et</span> <span class='ocrx_word' id='word_1_72' title='bbox 1035 1879 1178 1971; x_wconf 82' lang='lat' dir='ltr'>ricarijs</span> <span class='ocrx_word' id='word_1_73' title='bbox 1192 1879 1229 1948; x_wconf 89' lang='lat' dir='ltr'>in</span> <span class='ocrx_word' id='word_1_74' title='bbox 1242 1880 1445 1949; x_wconf 87' lang='lat' dir='ltr'>animarum</span> <span class='ocrx_word' id='word_1_75' title='bbox 1465 1881 1640 1973; x_wconf 81' lang='lat' dir='ltr'>regimine</span> <span class='ocrx_word' id='word_1_76' title='bbox 1653 1903 1695 1951; x_wconf 84' lang='lat' dir='ltr'>ae</span> <span class='ocrx_word' id='word_1_77' title='bbox 1710 1901 1851 1949; x_wconf 90' lang='lat' dir='ltr'>morum</span> 
     </span>
     <span class='ocr_line' id='line_1_10' title="bbox 497 1986 1849 2088; baseline -0.003 -25"><span class='ocrx_word' id='word_1_78' title='bbox 497 1995 752 2067; x_wconf 83' lang='lat' dir='ltr'>reformatione</span> <span class='ocrx_word' id='word_1_79' title='bbox 782 1994 986 2088; x_wconf 82' lang='lat' dir='ltr'>preminent</span> <span class='ocrx_word' id='word_1_80' title='bbox 1015 2012 1143 2061; x_wconf 89' lang='lat' dir='ltr'>omnes</span> <span class='ocrx_word' id='word_1_81' title='bbox 1177 1987 1383 2061; x_wconf 90' lang='lat' dir='ltr'>huiusmodi</span> <span class='ocrx_word' id='word_1_82' title='bbox 1417 1986 1521 2062; x_wconf 88' lang='lat' dir='ltr'>cause</span> <span class='ocrx_word' id='word_1_83' title='bbox 1550 1989 1713 2082; x_wconf 67' lang='lat' dir='ltr'>spedant</span> <span class='ocrx_word' id='word_1_84' title='bbox 1744 2001 1783 2062; x_wconf 88' lang='lat' dir='ltr'>et</span> <span class='ocrx_word' id='word_1_85' title='bbox 1813 1993 1849 2060; x_wconf 93' lang='lat' dir='ltr'>in</span> 
     </span>
     <span class='ocr_line' id='line_1_11' title="bbox 496 2099 2010 2198; baseline -0.005 -24"><span class='ocrx_word' id='word_1_86' title='bbox 496 2104 656 2198; x_wconf 88' lang='lat' dir='ltr'>capitulo</span> <span class='ocrx_word' id='word_1_87' title='bbox 669 2107 923 2177; x_wconf 65' lang='lat' dir='ltr'>tradentnret</span> <span class='ocrx_word' id='word_1_88' title='bbox 937 2104 1070 2175; x_wconf 89' lang='lat' dir='ltr'>iudicio</span> <span class='ocrx_word' id='word_1_89' title='bbox 1081 2103 1230 2194; x_wconf 83' lang='lat' dir='ltr'>capituli</span> <span class='ocrx_word' id='word_1_90' title='bbox 1246 2103 1509 2174; x_wconf 90' lang='lat' dir='ltr'>terminentur·</span> <span class='ocrx_word' id='word_1_91' title='bbox 1524 2099 1694 2174; x_wconf 87' lang='lat' dir='ltr'>Excessus</span> <span class='ocrx_word' id='word_1_92' title='bbox 1706 2125 1851 2194; x_wconf 89' lang='lat' dir='ltr'>quoque</span> <span class='ocrx_word' id='word_1_93' title='bbox 1862 2114 2010 2192; x_wconf 59' lang='lat' dir='ltr'>transm</span> 
     </span>
     <span class='ocr_line' id='line_1_12' title="bbox 495 2191 2067 2308; baseline 0.001 -23"><span class='ocrx_word' id='word_1_94' title='bbox 495 2218 752 2288; x_wconf 85' lang='lat' dir='ltr'>canonicorum</span> <span class='ocrx_word' id='word_1_95' title='bbox 769 2225 808 2289; x_wconf 90' lang='lat' dir='ltr'>et</span> <span class='ocrx_word' id='word_1_96' title='bbox 826 2218 1042 2288; x_wconf 80' lang='lat' dir='ltr'>vicariorum</span> <span class='ocrx_word' id='word_1_97' title='bbox 1067 2225 1106 2284; x_wconf 90' lang='lat' dir='ltr'>et</span> <span class='ocrx_word' id='word_1_98' title='bbox 1132 2213 1346 2286; x_wconf 87' lang='lat' dir='ltr'>clericorum</span> <span class='ocrx_word' id='word_1_99' title='bbox 1373 2224 1412 2285; x_wconf 89' lang='lat' dir='ltr'>et</span> <span class='ocrx_word' id='word_1_100' title='bbox 1437 2237 1561 2285; x_wconf 87' lang='lat' dir='ltr'>eorum</span> <span class='ocrx_word' id='word_1_101' title='bbox 1587 2215 1849 2308; x_wconf 84' lang='lat' dir='ltr'>mancipiorum</span> <span class='ocrx_word' id='word_1_102' title='bbox 1865 2191 2067 2235; x_wconf 61' lang='lat' dir='ltr'>mmmm</span> 
     </span>
     <span class='ocr_line' id='line_1_13' title="bbox 495 2324 1851 2421; baseline 0.001 -24"><span class='ocrx_word' id='word_1_103' title='bbox 495 2329 601 2400; x_wconf 86' lang='lat' dir='ltr'>iuxta</span> <span class='ocrx_word' id='word_1_104' title='bbox 617 2329 863 2421; x_wconf 87' lang='lat' dir='ltr'>quantitatem</span> <span class='ocrx_word' id='word_1_105' title='bbox 883 2327 1005 2399; x_wconf 77' lang='lat' dir='ltr'>deliui</span> <span class='ocrx_word' id='word_1_106' title='bbox 1024 2337 1063 2398; x_wconf 92' lang='lat' dir='ltr'>ct</span> <span class='ocrx_word' id='word_1_107' title='bbox 1080 2325 1295 2418; x_wconf 88' lang='lat' dir='ltr'>qualitatem</span> <span class='ocrx_word' id='word_1_108' title='bbox 1315 2324 1544 2418; x_wconf 85' lang='lat' dir='ltr'>personarum</span> <span class='ocrx_word' id='word_1_109' title='bbox 1559 2325 1851 2418; x_wconf 85' lang='lat' dir='ltr'>delinquentium</span> 
     </span>
     <span class='ocr_line' id='line_1_14' title="bbox 495 2436 1852 2534; baseline 0.001 -27"><span class='ocrx_word' id='word_1_110' title='bbox 495 2437 692 2511; x_wconf 88' lang='lat' dir='ltr'>seeundum</span> <span class='ocrx_word' id='word_1_111' title='bbox 719 2437 972 2511; x_wconf 87' lang='lat' dir='ltr'>discretionem</span> <span class='ocrx_word' id='word_1_112' title='bbox 999 2437 1126 2508; x_wconf 90' lang='lat' dir='ltr'>decani</span> <span class='ocrx_word' id='word_1_113' title='bbox 1153 2450 1192 2509; x_wconf 89' lang='lat' dir='ltr'>et</span> <span class='ocrx_word' id='word_1_114' title='bbox 1219 2437 1370 2530; x_wconf 86' lang='lat' dir='ltr'>capituli</span> <span class='ocrx_word' id='word_1_115' title='bbox 1397 2440 1624 2534; x_wconf 79' lang='lat' dir='ltr'>corrigantur</span> <span class='ocrx_word' id='word_1_116' title='bbox 1640 2449 1678 2509; x_wconf 93' lang='lat' dir='ltr'>et</span> <span class='ocrx_word' id='word_1_117' title='bbox 1702 2436 1852 2532; x_wconf 85' lang='lat' dir='ltr'>persone</span> 
     </span>
     <span class='ocr_line' id='line_1_15' title="bbox 496 2549 1033 2644; baseline 0.002 -27"><span class='ocrx_word' id='word_1_118' title='bbox 496 2549 789 2642; x_wconf 90' lang='lat' dir='ltr'>delinquentium</span> <span class='ocrx_word' id='word_1_119' title='bbox 807 2551 1033 2644; x_wconf 87' lang='lat' dir='ltr'>puniantur·</span> 
     </span>
    </p>
   </div>
   <div class='ocr_carea' id='block_1_4' title="bbox 773 2766 1511 2840">
    <p class='ocr_par' dir='ltr' id='par_1_9' title="bbox 773 2766 1511 2840">
     <span class='ocr_line' id='line_1_16' title="bbox 773 2766 1511 2840; baseline -0.001 -1"><span class='ocrx_word' id='word_1_120' title='bbox 773 2778 777 2784; x_wconf 86' lang='lat'>&#39;</span> <span class='ocrx_word' id='word_1_121' title='bbox 837 2768 897 2840; x_wconf 91' lang='lat' dir='ltr'>De</span> <span class='ocrx_word' id='word_1_122' title='bbox 913 2766 1095 2839; x_wconf 84' lang='lat' dir='ltr'>solucione</span> <span class='ocrx_word' id='word_1_123' title='bbox 1114 2768 1247 2838; x_wconf 91' lang='lat' dir='ltr'>iurium</span> <span class='ocrx_word' id='word_1_124' title='bbox 1265 2768 1482 2838; x_wconf 79' lang='lat' dir='ltr'>funeraliunr</span> <span class='ocrx_word' id='word_1_125' title='bbox 1503 2809 1511 2824; x_wconf 94' lang='lat'><strong>·</strong></span> 
     </span>
    </p>
   </div>
   <div class='ocr_carea' id='block_1_5' title="bbox 495 2987 2106 3420">
    <p class='ocr_par' dir='ltr' id='par_1_10' title="bbox 495 2987 2106 3420">
     <span class='ocr_line' id='line_1_17' title="bbox 497 2987 1848 3086; baseline 0.004 -26"><span class='ocrx_word' id='word_1_126' title='bbox 497 2991 558 3060; x_wconf 82' lang='lat' dir='ltr'>Ad</span> <span class='ocrx_word' id='word_1_127' title='bbox 585 2990 653 3062; x_wconf 88' lang='lat' dir='ltr'>lree</span> <span class='ocrx_word' id='word_1_128' title='bbox 677 3000 802 3061; x_wconf 88' lang='lat' dir='ltr'>autem</span> <span class='ocrx_word' id='word_1_129' title='bbox 830 2987 1020 3062; x_wconf 86' lang='lat' dir='ltr'>statuendo</span> <span class='ocrx_word' id='word_1_130' title='bbox 1039 2987 1273 3061; x_wconf 87' lang='lat' dir='ltr'>discernimus</span> <span class='ocrx_word' id='word_1_131' title='bbox 1294 2990 1390 3082; x_wconf 90' lang='lat' dir='ltr'>quod</span> <span class='ocrx_word' id='word_1_132' title='bbox 1407 3013 1429 3062; x_wconf 89' lang='lat' dir='ltr'>a</span> <span class='ocrx_word' id='word_1_133' title='bbox 1446 2993 1627 3063; x_wconf 87' lang='lat' dir='ltr'>canonicis</span> <span class='ocrx_word' id='word_1_134' title='bbox 1646 2996 1786 3086; x_wconf 85' lang='lat' dir='ltr'>vicarijs</span> <span class='ocrx_word' id='word_1_135' title='bbox 1812 3011 1848 3065; x_wconf 85' lang='lat' dir='ltr'>et</span> 
     </span>
     <span class='ocr_line' id='line_1_18' title="bbox 496 3098 1850 3195; baseline 0.005 -25"><span class='ocrx_word' id='word_1_136' title='bbox 496 3100 637 3172; x_wconf 84' lang='lat' dir='ltr'>clericis</span> <span class='ocrx_word' id='word_1_137' title='bbox 661 3125 728 3172; x_wconf 88' lang='lat' dir='ltr'>nec</span> <span class='ocrx_word' id='word_1_138' title='bbox 745 3124 819 3172; x_wconf 88' lang='lat' dir='ltr'>non</span> <span class='ocrx_word' id='word_1_139' title='bbox 838 3111 1018 3172; x_wconf 87' lang='lat' dir='ltr'>eteorum</span> <span class='ocrx_word' id='word_1_140' title='bbox 1043 3102 1234 3195; x_wconf 87' lang='lat' dir='ltr'>mancipijs</span> <span class='ocrx_word' id='word_1_141' title='bbox 1257 3102 1350 3174; x_wconf 79' lang='lat' dir='ltr'>iufra</span> <span class='ocrx_word' id='word_1_142' title='bbox 1373 3098 1568 3174; x_wconf 87' lang='lat' dir='ltr'>claustrum</span> <span class='ocrx_word' id='word_1_143' title='bbox 1589 3105 1850 3177; x_wconf 74' lang='lat' dir='ltr'>decedentibus</span> 
     </span>
     <span class='ocr_line' id='line_1_19' title="bbox 498 3211 2106 3333; baseline 0.005 -51"><span class='ocrx_word' id='word_1_144' title='bbox 498 3211 608 3284; x_wconf 89' lang='lat' dir='ltr'>nichil</span> <span class='ocrx_word' id='word_1_145' title='bbox 635 3215 776 3284; x_wconf 91' lang='lat' dir='ltr'>ratione</span> <span class='ocrx_word' id='word_1_146' title='bbox 799 3211 987 3304; x_wconf 88' lang='lat' dir='ltr'>mortuarij</span> <span class='ocrx_word' id='word_1_147' title='bbox 1006 3211 1192 3304; x_wconf 89' lang='lat' dir='ltr'>abaliquo</span> <span class='ocrx_word' id='word_1_148' title='bbox 1218 3214 1387 3307; x_wconf 82' lang='lat' dir='ltr'>exigatur</span> <span class='ocrx_word' id='word_1_149' title='bbox 1404 3253 1413 3270; x_wconf 93' lang='lat'><strong>·</strong></span> <span class='ocrx_word' id='word_1_150' title='bbox 1431 3211 1491 3286; x_wconf 90' lang='lat' dir='ltr'>sed</span> <span class='ocrx_word' id='word_1_151' title='bbox 1511 3225 1654 3286; x_wconf 89' lang='lat' dir='ltr'>tantum</span> <span class='ocrx_word' id='word_1_152' title='bbox 1673 3216 1850 3288; x_wconf 83' lang='lat' dir='ltr'>sufficiant</span> <span class='ocrx_word' id='word_1_153' title='bbox 1862 3212 2041 3333; x_wconf 46' lang='lat' dir='ltr'>gltffiffiss</span> <span class='ocrx_word' id='word_1_154' title='bbox 2052 3225 2106 3280; x_wconf 60' lang='lat'>{⁸⁰</span> 
     </span>
     <span class='ocr_line' id='line_1_20' title="bbox 495 3320 1849 3420; baseline 0.004 -26"><span class='ocrx_word' id='word_1_155' title='bbox 495 3325 655 3418; x_wconf 85' lang='lat' dir='ltr'>gratuite</span> <span class='ocrx_word' id='word_1_156' title='bbox 681 3322 974 3416; x_wconf 86' lang='lat' dir='ltr'>oblationesque</span> <span class='ocrx_word' id='word_1_157' title='bbox 992 3322 1029 3393; x_wconf 90' lang='lat' dir='ltr'>in</span> <span class='ocrx_word' id='word_1_158' title='bbox 1048 3320 1365 3416; x_wconf 90' lang='lat' dir='ltr'>solempnitatibus</span> <span class='ocrx_word' id='word_1_159' title='bbox 1390 3322 1569 3397; x_wconf 80' lang='lat' dir='ltr'>missarum</span> <span class='ocrx_word' id='word_1_160' title='bbox 1587 3349 1651 3420; x_wconf 88' lang='lat' dir='ltr'>pro</span> <span class='ocrx_word' id='word_1_161' title='bbox 1668 3326 1849 3399; x_wconf 73' lang='lat' dir='ltr'>defundis</span> 
     </span>
    </p>
   </div>
   <div class='ocr_carea' id='block_1_6' title="bbox 497 3431 1639 3749">
    <p class='ocr_par' dir='ltr' id='par_1_11' title="bbox 497 3431 1639 3749">
     <span class='ocr_line' id='line_1_21' title="bbox 497 3431 720 3506; baseline 0.022 -6"><span class='ocrx_word' id='word_1_162' title='bbox 497 3431 695 3506; x_wconf 81' lang='lat' dir='ltr'>offerentur</span> <span class='ocrx_word' id='word_1_163' title='bbox 711 3472 720 3491; x_wconf 92' lang='lat'><strong>·</strong></span> 
     </span>
     <span class='ocr_line' id='line_1_22' title="bbox 707 3652 1639 3749; baseline 0.003 -21"><span class='ocrx_word' id='word_1_164' title='bbox 707 3655 766 3728; x_wconf 92' lang='lat' dir='ltr'>De</span> <span class='ocrx_word' id='word_1_165' title='bbox 782 3657 900 3728; x_wconf 87' lang='lat' dir='ltr'>officio</span> <span class='ocrx_word' id='word_1_166' title='bbox 917 3652 1073 3749; x_wconf 87' lang='lat' dir='ltr'>episcopi</span> <span class='ocrx_word' id='word_1_167' title='bbox 1092 3667 1132 3727; x_wconf 90' lang='lat' dir='ltr'>et</span> <span class='ocrx_word' id='word_1_168' title='bbox 1149 3658 1278 3729; x_wconf 90' lang='lat' dir='ltr'>decani</span> <span class='ocrx_word' id='word_1_169' title='bbox 1297 3659 1334 3727; x_wconf 92' lang='lat' dir='ltr'>in</span> <span class='ocrx_word' id='word_1_170' title='bbox 1353 3659 1431 3730; x_wconf 87' lang='lat' dir='ltr'>eius</span> <span class='ocrx_word' id='word_1_171' title='bbox 1448 3657 1612 3731; x_wconf 87' lang='lat' dir='ltr'>absencia</span> <span class='ocrx_word' id='word_1_172' title='bbox 1630 3698 1639 3716; x_wconf 94' lang='lat'><strong>·</strong></span> 
     </span>
    </p>
   </div>
   <div class='ocr_carea' id='block_1_7' title="bbox 493 3878 2155 4756">
    <p class='ocr_par' dir='ltr' id='par_1_12' title="bbox 494 3878 2155 4086">
     <span class='ocr_line' id='line_1_23' title="bbox 497 3878 2155 3974; baseline -0.001 -24"><span class='ocrx_word' id='word_1_173' title='bbox 497 3879 593 3952; x_wconf 89' lang='lat' dir='ltr'>Item</span> <span class='ocrx_word' id='word_1_174' title='bbox 612 3879 735 3950; x_wconf 90' lang='lat' dir='ltr'>nullus</span> <span class='ocrx_word' id='word_1_175' title='bbox 748 3878 961 3952; x_wconf 88' lang='lat' dir='ltr'>clericorum</span> <span class='ocrx_word' id='word_1_176' title='bbox 980 3880 1026 3950; x_wconf 93' lang='lat' dir='ltr'>de</span> <span class='ocrx_word' id='word_1_177' title='bbox 1044 3879 1161 3972; x_wconf 92' lang='lat' dir='ltr'>primo</span> <span class='ocrx_word' id='word_1_178' title='bbox 1177 3880 1291 3974; x_wconf 81' lang='lat' dir='ltr'>gradu</span> <span class='ocrx_word' id='word_1_179' title='bbox 1310 3903 1429 3972; x_wconf 88' lang='lat' dir='ltr'>neque</span> <span class='ocrx_word' id='word_1_180' title='bbox 1446 3882 1492 3952; x_wconf 92' lang='lat' dir='ltr'>de</span> <span class='ocrx_word' id='word_1_181' title='bbox 1509 3879 1664 3955; x_wconf 89' lang='lat' dir='ltr'>seeundo</span> <span class='ocrx_word' id='word_1_182' title='bbox 1682 3886 1718 3954; x_wconf 94' lang='lat' dir='ltr'>in</span> <span class='ocrx_word' id='word_1_183' title='bbox 1737 3885 1847 3957; x_wconf 88' lang='lat' dir='ltr'>clroro</span> <span class='ocrx_word' id='word_1_184' title='bbox 1860 3898 2012 3955; x_wconf 68' lang='lat' dir='ltr'>anniane</span> <span class='ocrx_word' id='word_1_185' title='bbox 2027 3897 2057 3949; x_wconf 81' lang='lat' dir='ltr'>ar</span> <span class='ocrx_word' id='word_1_186' title='bbox 2071 3896 2155 3962; x_wconf 74' lang='lat' dir='ltr'>ruera</span> 
     </span>
     <span class='ocr_line' id='line_1_24' title="bbox 494 3985 1847 4086; baseline 0.005 -24"><span class='ocrx_word' id='word_1_187' title='bbox 494 3991 702 4062; x_wconf 87' lang='lat' dir='ltr'>admittitur</span> <span class='ocrx_word' id='word_1_188' title='bbox 726 3985 792 4062; x_wconf 87' lang='lat' dir='ltr'>nisr</span> <span class='ocrx_word' id='word_1_189' title='bbox 819 3991 1035 4061; x_wconf 72' lang='lat' dir='ltr'>seueritate</span> <span class='ocrx_word' id='word_1_190' title='bbox 1059 3989 1187 4061; x_wconf 87' lang='lat' dir='ltr'>decani</span> <span class='ocrx_word' id='word_1_191' title='bbox 1214 4001 1253 4062; x_wconf 93' lang='lat' dir='ltr'>ct</span> <span class='ocrx_word' id='word_1_192' title='bbox 1279 3991 1429 4086; x_wconf 86' lang='lat' dir='ltr'>capituli</span> <span class='ocrx_word' id='word_1_193' title='bbox 1454 4035 1462 4052; x_wconf 91' lang='lat'><strong>·</strong></span> <span class='ocrx_word' id='word_1_194' title='bbox 1486 4005 1648 4085; x_wconf 88' lang='lat' dir='ltr'>preterea</span> <span class='ocrx_word' id='word_1_195' title='bbox 1677 3998 1847 4070; x_wconf 88' lang='lat' dir='ltr'>omnibus</span> 
     </span>
    </p>

    <p class='ocr_par' dir='ltr' id='par_1_13' title="bbox 494 4095 2135 4312">
     <span class='ocr_line' id='line_1_25' title="bbox 494 4095 2135 4200; baseline 0.005 -30"><span class='ocrx_word' id='word_1_196' title='bbox 494 4100 690 4173; x_wconf 89' lang='lat' dir='ltr'>maioribus</span> <span class='ocrx_word' id='word_1_197' title='bbox 707 4101 911 4194; x_wconf 89' lang='lat' dir='ltr'>duplicibus</span> <span class='ocrx_word' id='word_1_198' title='bbox 928 4095 1026 4172; x_wconf 81' lang='lat' dir='ltr'>sellis</span> <span class='ocrx_word' id='word_1_199' title='bbox 1045 4122 1257 4193; x_wconf 86' lang='lat' dir='ltr'>perannum</span> <span class='ocrx_word' id='word_1_200' title='bbox 1276 4099 1424 4174; x_wconf 84' lang='lat' dir='ltr'>absente</span> <span class='ocrx_word' id='word_1_201' title='bbox 1441 4101 1606 4198; x_wconf 90' lang='lat' dir='ltr'>episcopo</span> <span class='ocrx_word' id='word_1_202' title='bbox 1618 4117 1657 4177; x_wconf 90' lang='lat' dir='ltr'>et</span> <span class='ocrx_word' id='word_1_203' title='bbox 1675 4107 1713 4176; x_wconf 89' lang='lat' dir='ltr'>in</span> <span class='ocrx_word' id='word_1_204' title='bbox 1731 4105 1847 4200; x_wconf 87' lang='lat' dir='ltr'>prima</span> <span class='ocrx_word' id='word_1_205' title='bbox 1859 4111 1952 4177; x_wconf 61' lang='lat' dir='ltr'>itm</span> <span class='ocrx_word' id='word_1_206' title='bbox 1964 4111 2135 4179; x_wconf 61' lang='lat' dir='ltr'>urrunnun</span> 
     </span>
     <span class='ocr_line' id='line_1_26' title="bbox 494 4211 1844 4312; baseline 0.007 -31"><span class='ocrx_word' id='word_1_207' title='bbox 494 4211 675 4284; x_wconf 88' lang='lat' dir='ltr'>dominica</span> <span class='ocrx_word' id='word_1_208' title='bbox 691 4211 890 4284; x_wconf 87' lang='lat' dir='ltr'>Aduentns</span> <span class='ocrx_word' id='word_1_209' title='bbox 905 4222 944 4282; x_wconf 91' lang='lat' dir='ltr'>et</span> <span class='ocrx_word' id='word_1_210' title='bbox 966 4213 1002 4283; x_wconf 90' lang='lat' dir='ltr'>in</span> <span class='ocrx_word' id='word_1_211' title='bbox 1020 4211 1203 4283; x_wconf 91' lang='lat' dir='ltr'>dominica</span> <span class='ocrx_word' id='word_1_212' title='bbox 1220 4212 1428 4284; x_wconf 84' lang='lat' dir='ltr'>l’almarum</span> <span class='ocrx_word' id='word_1_213' title='bbox 1454 4226 1493 4286; x_wconf 90' lang='lat' dir='ltr'>ct</span> <span class='ocrx_word' id='word_1_214' title='bbox 1513 4218 1550 4286; x_wconf 91' lang='lat' dir='ltr'>in</span> <span class='ocrx_word' id='word_1_215' title='bbox 1573 4218 1693 4310; x_wconf 88' lang='lat' dir='ltr'>eapite</span> <span class='ocrx_word' id='word_1_216' title='bbox 1712 4217 1844 4312; x_wconf 89' lang='lat' dir='ltr'>Ieiunij</span> 
     </span>
    </p>

    <p class='ocr_par' dir='ltr' id='par_1_14' title="bbox 494 4319 1843 4420">
     <span class='ocr_line' id='line_1_27' title="bbox 494 4319 1843 4420; baseline 0.007 -27"><span class='ocrx_word' id='word_1_217' title='bbox 494 4337 532 4394; x_wconf 84' lang='lat' dir='ltr'>et</span> <span class='ocrx_word' id='word_1_218' title='bbox 559 4325 596 4394; x_wconf 90' lang='lat' dir='ltr'>in</span> <span class='ocrx_word' id='word_1_219' title='bbox 623 4323 739 4395; x_wconf 89' lang='lat' dir='ltr'>tribus</span> <span class='ocrx_word' id='word_1_220' title='bbox 768 4323 897 4394; x_wconf 90' lang='lat' dir='ltr'>diebus</span> <span class='ocrx_word' id='word_1_221' title='bbox 925 4334 1013 4394; x_wconf 90' lang='lat' dir='ltr'>ante</span> <span class='ocrx_word' id='word_1_222' title='bbox 1040 4319 1177 4394; x_wconf 87' lang='lat' dir='ltr'>Pascba</span> <span class='ocrx_word' id='word_1_223' title='bbox 1202 4332 1241 4395; x_wconf 92' lang='lat' dir='ltr'>et</span> <span class='ocrx_word' id='word_1_224' title='bbox 1268 4325 1304 4394; x_wconf 91' lang='lat' dir='ltr'>in</span> <span class='ocrx_word' id='word_1_225' title='bbox 1332 4325 1455 4420; x_wconf 80' lang='lat' dir='ltr'>vigilia</span> <span class='ocrx_word' id='word_1_226' title='bbox 1482 4325 1706 4400; x_wconf 86' lang='lat' dir='ltr'>Pentecostis</span> <span class='ocrx_word' id='word_1_227' title='bbox 1736 4342 1775 4402; x_wconf 89' lang='lat' dir='ltr'>et</span> <span class='ocrx_word' id='word_1_228' title='bbox 1806 4333 1843 4402; x_wconf 91' lang='lat' dir='ltr'>in</span> 
     </span>
    </p>

    <p class='ocr_par' dir='ltr' id='par_1_15' title="bbox 493 4431 1847 4528">
     <span class='ocr_line' id='line_1_28' title="bbox 493 4431 1847 4528; baseline 0.007 -22"><span class='ocrx_word' id='word_1_229' title='bbox 493 4431 745 4527; x_wconf 81' lang='lat' dir='ltr'>anniuersarijs</span> <span class='ocrx_word' id='word_1_230' title='bbox 770 4431 1018 4528; x_wconf 89' lang='lat' dir='ltr'>episcoporum</span> <span class='ocrx_word' id='word_1_231' title='bbox 1036 4445 1075 4505; x_wconf 90' lang='lat' dir='ltr'>et</span> <span class='ocrx_word' id='word_1_232' title='bbox 1092 4433 1312 4507; x_wconf 86' lang='lat' dir='ltr'>decanorum</span> <span class='ocrx_word' id='word_1_233' title='bbox 1330 4433 1480 4509; x_wconf 87' lang='lat' dir='ltr'>eeelellc</span> <span class='ocrx_word' id='word_1_234' title='bbox 1505 4439 1670 4510; x_wconf 88' lang='lat' dir='ltr'>diuinum</span> <span class='ocrx_word' id='word_1_235' title='bbox 1697 4454 1847 4517; x_wconf 88' lang='lat' dir='ltr'>tenetur</span> 
     </span>
    </p>

    <p class='ocr_par' dir='ltr' id='par_1_16' title="bbox 494 4546 2075 4756">
     <span class='ocr_line' id='line_1_29' title="bbox 494 4546 2075 4644; baseline 0.006 -29"><span class='ocrx_word' id='word_1_236' title='bbox 494 4547 653 4620; x_wconf 83' lang='lat' dir='ltr'>‹lecanus</span> <span class='ocrx_word' id='word_1_237' title='bbox 675 4567 847 4618; x_wconf 85' lang='lat' dir='ltr'>exercere</span> <span class='ocrx_word' id='word_1_238' title='bbox 870 4547 1028 4618; x_wconf 85' lang='lat' dir='ltr'>offieium</span> <span class='ocrx_word' id='word_1_239' title='bbox 1045 4583 1054 4602; x_wconf 92' lang='lat'><strong>·</strong></span> <span class='ocrx_word' id='word_1_240' title='bbox 1072 4547 1274 4620; x_wconf 84' lang='lat' dir='ltr'>minoribus</span> <span class='ocrx_word' id='word_1_241' title='bbox 1292 4569 1377 4620; x_wconf 80' lang='lat' dir='ltr'>vero</span> <span class='ocrx_word' id='word_1_242' title='bbox 1394 4546 1494 4621; x_wconf 86' lang='lat' dir='ltr'>lestis</span> <span class='ocrx_word' id='word_1_243' title='bbox 1511 4549 1714 4644; x_wconf 86' lang='lat' dir='ltr'>duplicibus</span> <span class='ocrx_word' id='word_1_244' title='bbox 1731 4557 1843 4626; x_wconf 86' lang='lat' dir='ltr'>ceteri</span> <span class='ocrx_word' id='word_1_245' title='bbox 1856 4558 1949 4624; x_wconf 66' lang='lat' dir='ltr'>wls</span> <span class='ocrx_word' id='word_1_246' title='bbox 1961 4559 2075 4613; x_wconf 78' lang='lat' dir='ltr'>murra</span> 
     </span>
     <span class='ocr_line' id='line_1_30' title="bbox 496 4655 1843 4756; baseline 0.007 -27"><span class='ocrx_word' id='word_1_247' title='bbox 496 4657 659 4730; x_wconf 85' lang='lat' dir='ltr'>canonici</span> <span class='ocrx_word' id='word_1_248' title='bbox 679 4656 918 4754; x_wconf 78' lang='lat' dir='ltr'>dignitatibus</span> <span class='ocrx_word' id='word_1_249' title='bbox 943 4657 1074 4751; x_wconf 88' lang='lat' dir='ltr'>prediti</span> <span class='ocrx_word' id='word_1_250' title='bbox 1095 4655 1291 4732; x_wconf 83' lang='lat' dir='ltr'>suceelllue</span> <span class='ocrx_word' id='word_1_251' title='bbox 1307 4659 1366 4732; x_wconf 84' lang='lat' dir='ltr'>vel</span> <span class='ocrx_word' id='word_1_252' title='bbox 1383 4660 1444 4756; x_wconf 86' lang='lat' dir='ltr'>alij</span> <span class='ocrx_word' id='word_1_253' title='bbox 1462 4665 1623 4735; x_wconf 87' lang='lat' dir='ltr'>canonici</span> <span class='ocrx_word' id='word_1_254' title='bbox 1641 4662 1843 4739; x_wconf 88' lang='lat' dir='ltr'>sacerdotes</span> 
     </span>
    </p>
   </div>
   <div class='ocr_carea' id='block_1_8' title="bbox 0 0 2310 5960">
    <p class='ocr_par' dir='ltr' id='par_1_17' title="bbox 0 0 2310 5960">
     <span class='ocr_line' id='line_1_31' title="bbox 0 0 2310 5960; baseline 0 0"><span class='ocrx_word' id='word_1_255' title='bbox 0 0 2310 5960; x_wconf 95' lang='lat' dir='ltr'> </span> 
     </span>
    </p>
   </div>
  </div>
 </body>
</html>
