4612 5964
466 705 512 772 ⁵8
982 695 1289 770 REGISTRUM
1659 707 1814 803 [sucum

466 900 657 972 decentem
681 893 968 992 superpellicium
988 895 1158 966 uidelicet
1182 915 1331 987 cappam
1358 897 1497 988 nigram
1522 923 1604 970 cum
1633 903 1816 976 almachio

467 1013 568 1106 nigro
596 1011 732 1080 surrato
762 1011 852 1082 citra
877 1005 1010 1080 instans
1036 1003 1166 1078 festum
1192 1005 1291 1077 beati
1319 1003 1517 1078 Michaelis
1542 1007 1608 1080 sub
1634 1034 1727 1105 pena
1753 1012 1815 1086 sex

467 1123 658 1194 solidorum
677 1130 716 1190 et
733 1122 812 1191 odo
830 1121 1054 1192 denariorum
1075 1163 1084 1178 ·

470 1233 565 1306 Item
583 1233 677 1326 quod
696 1232 850 1324 quilibet
870 1234 1062 1303 canonicus
1080 1229 1271 1302 satisfaciat
1289 1225 1448 1300 stallario
1465 1226 1528 1298 suo
1546 1231 1592 1300 de
1609 1228 1672 1301 suo
1689 1229 1815 1304 salario

470 1346 562 1416 inira
578 1343 782 1436 quindecim
802 1344 877 1414 dies
894 1339 973 1437 post
990 1342 1178 1436 quodlibet
1196 1337 1351 1414 stadium
1375 1335 1442 1410 sub
1465 1361 1560 1430 pena
1576 1341 1815 1436 quadraginta

470 1455 725 1528 denariorum·

472 1565 568 1638 Item
594 1565 690 1658 quod
716 1562 868 1656 quilibet
892 1565 1084 1635 canonicus
1107 1562 1184 1634 lieri
1213 1561 1323 1634 saciat
1350 1557 1590 1632 sufficientem
1614 1558 1813 1634 clausuram

471 1686 618 1748 anteat
641 1674 798 1746 alatcre
823 1683 862 1744 et
879 1675 987 1744 etiam
1014 1684 1109 1744 retro
1132 1667 1159 1742 st
1183 1694 1329 1765 parcam
1354 1671 1488 1744 babeat
1514 1673 1608 1742 inira
1632 1694 1769 1743 anuum
1793 1697 1815 1744 a

472 1783 562 1858 sesto
578 1785 738 1880 predidlo
754 1781 820 1854 sub
837 1805 930 1875 pena
947 1783 1071 1854 decem
1089 1780 1283 1854 solidorum
1302 1821 1311 1838 ·

473 1897 523 1968 Et
546 1896 640 1989 quod
667 1915 792 1966 omnes
816 1889 883 1964 iste
907 1916 1000 1985 pene
1018 1895 1054 1962 in
1072 1893 1299 1984 reparatione
1325 1891 1499 1964 librorum
1518 1887 1813 1966 vestimentorum

473 2007 696 2096 aliorumque
709 1998 976 2074 necessariorum
991 1999 1140 2073 ceclesae
1153 2013 1353 2074 memorate
1367 2014 1476 2096 prout
1489 2007 1604 2100 magis
1617 2007 1815 2100 expediens

471 2118 581 2188 suerit
597 2114 754 2185 lideliter
770 2123 1027 2184 conuertuntur
1044 2151 1052 2168 ·
1072 2122 1109 2182 ot
1126 2113 1172 2182 ad
1190 2111 1258 2182 bec
1274 2113 1399 2183 omnia
1415 2124 1454 2184 et
1471 2109 1610 2209 lingula
1637 2129 1813 2210 perpetuo

473 2238 511 2298 ot
529 2223 786 2296 inuiolabiliter
798 2220 1015 2294 obseruanda
1029 2234 1104 2292 tam
1118 2221 1288 2292 Decauus
1300 2221 1549 2296 Caucollarius
1561 2225 1815 2300 Tbelaurariua

473 2336 758 2410 Arclridiacouus
775 2343 815 2405 et
832 2333 1065 2406 subdecanus
1083 2355 1191 2425 quam
1213 2334 1326 2403 etiam
1352 2354 1479 2404 omnes
1497 2345 1535 2405 et
1554 2333 1681 2430 sangarii
1707 2362 1815 2410 cauo-

472 2449 543 2520 uici
569 2442 756 2540 subscripti
782 2441 915 2516 scilicet
942 2441 1109 2538 magister
1134 2443 1324 2516 Gilbcrtus
1351 2440 1568 2540 Arnastrang
1594 2487 1602 2502 ·
1628 2445 1816 2522 Jobaunea

474 2557 582 2630 More
606 2597 615 2616 ·
643 2555 853 2628 Alexander
876 2556 922 2628 dc
947 2554 1147 2649 Culchoyse
1172 2596 1181 2614 ·
1205 2553 1421 2626 ll'illclmus
1447 2554 1493 2626 dc
1519 2555 1649 2628 Rubeo
1678 2559 1781 2632 sonte
1806 2601 1814 2618 ·

471 2671 627 2742 Thomas
658 2667 787 2760 Trayle
817 2707 826 2724 ·
858 2665 967 2762 llugo
1001 2668 1046 2738 de
1081 2665 1234 2738 Dunbar
1264 2707 1272 2724 ·
1303 2665 1492 2739 Jobanucs
1523 2668 1568 2739 de
1598 2668 1813 2764 Botbuyla·

471 2783 658 2854 Jobauaea
681 2780 728 2852 da
753 2778 878 2852 llarrc
903 2817 912 2836 ·
934 2777 1120 2852 Jobauucs
1145 2779 1191 2850 dc
1218 2777 1434 2874 Edynbama
1457 2819 1466 2836 ·
1492 2777 1616 2852 lsaacb
1643 2781 1814 2856 Oliueri·

471 2891 657 2964 Jobannca
675 2886 864 2984 Wildgusc
888 2929 896 2946 ·
923 2888 1145 2982 Reginaldus
1172 2888 1219 2960 de
1244 2886 1477 2986 Oggistoue·
1503 2902 1542 2962 et
1569 2890 1745 2966 Ricardus
1768 2896 1815 2968 da

473 3003 605 3074 Monte
631 3000 706 3072 alto
728 3040 737 3057 ·
759 3021 823 3093 pro
846 2997 882 3070 se
904 3010 942 3070 et
966 2999 1125 3092 capitulo
1151 3013 1281 3073 mutuo
1307 2999 1516 3095 obligarunt
1539 3015 1578 3075 ct
1601 3004 1667 3075 bec
1693 3009 1816 3078 omnia

473 3112 628 3184 lideliter
649 3108 869 3183 obseruanda
894 3108 1132 3204 promiserunt
1150 3149 1159 3168 ·
1178 3108 1436 3184 submittentes
1459 3110 1496 3184 sc
1519 3116 1636 3207 quoad
1661 3117 1815 3208 preben-

472 3227 535 3296 das
558 3221 639 3296 suas
668 3222 866 3294 colrertioni
892 3219 1126 3314 corripulsroui
1152 3233 1191 3293 et
1222 3220 1458 3294 iurisdietioni
1490 3225 1626 3297 domini
1658 3226 1814 3323 episcopi

473 3328 739 3408 Aberdoncnsts
755 3369 765 3388 ·
782 3334 842 3424 qui
859 3333 1004 3424 quidem
1024 3334 1191 3404 ‹loruiuus
1208 3333 1397 3427 episcopua
1413 3333 1571 3428 graciose
1588 3335 1758 3410 concelllt
1775 3353 1816 3412 et

472 3445 627 3518 lidelitcr
643 3441 804 3538 promisit
821 3465 945 3514 omnes
963 3459 1000 3515 et
1019 3441 1175 3538 sragulos
1191 3443 1477 3517 contradictores
1502 3445 1702 3520 huiusmodi
1721 3452 1815 3524 ordi-

472 3557 609 3629 nationi
634 3553 697 3628 seu
716 3553 868 3626 rebelles
885 3557 1052 3646 quotiens
1073 3577 1138 3647 pro
1163 3567 1267 3648 purte
1284 3556 1370 3627 diei
1398 3557 1548 3650 capituli
1574 3561 1682 3630 suerit
1709 3558 1815 3656 super

470 3669 538 3740 boe
568 3663 758 3760 requisitus
784 3689 848 3759 pcr
872 3688 1016 3738 onmem
1043 3663 1228 3738 censuram
1255 3661 1531 3740 ecclesiasticam
1557 3671 1594 3740 in
1622 3671 1814 3762 prebendis

470 3779 542 3850 litia
561 3789 636 3850 tam
655 3799 719 3871 pro
735 3778 838 3870 penis
854 3774 1062 3870 supradic‘tis
1079 3799 1187 3870 quam
1205 3779 1319 3850 etiarn
1336 3799 1403 3870 pro
1420 3777 1493 3850 illia
1510 3776 1697 3875 sexaginta
1711 3780 1814 3856 libria

470 3913 535 3986 per
568 3890 727 3984 prefatos
758 3888 943 3959 domiuum
979 3888 1155 3960 decanum
1190 3899 1230 3960 et
1259 3887 1460 3981 capitulum
1495 3891 1629 3964 sabriee
1662 3893 1812 3968 ccclesre

470 3997 687 4074 cathedralia
715 3995 981 4070 Aberdoncusrs
1015 4021 1078 4092 pro
1108 3998 1285 4071 decennio
1318 3996 1492 4071 coucellra
1525 4000 1599 4094 ipso
1634 4005 1813 4078 decennio

470 4114 624 4185 durante
647 4105 756 4200 usque
780 4107 826 4180 ad
856 4107 998 4200 plenam
1027 4109 1300 4182 satillastioaem
1330 4109 1549 4204 compellere
1573 4123 1613 4184 et
1637 4124 1811 4209 tauquam

470 4245 534 4317 pro
554 4221 696 4316 proprio
712 4218 836 4291 debito
853 4213 915 4290 suo
932 4232 1092 4292 coartare
1110 4261 1119 4280 ·
1139 4221 1257 4315 Super
1273 4221 1406 4314 quibua
1422 4221 1591 4296 omuibus
1607 4237 1645 4296 et
1663 4222 1812 4321 singulis

468 4335 596 4430 prefati
625 4331 760 4403 domini
785 4329 942 4402 decanus
959 4343 997 4402 ct
1020 4331 1219 4426 capitulum
1245 4333 1433 4426 petierunt
1458 4354 1523 4427 pcr
1547 4339 1810 4412 monetarium

468 4443 652 4541 publicum
679 4436 940 4534 iasrascriptum
966 4437 1030 4512 libi
1056 4442 1183 4516 eoulici
1201 4463 1313 4514 raum
1332 4440 1390 4514 rel
1415 4441 1518 4536 plura
1544 4446 1727 4540 publicum
1749 4445 1811 4522 seu

467 4553 612 4654 publica
627 4547 865 4626 instrumenta
878 4593 886 4610 ·
900 4560 940 4624 ct
955 4553 1000 4624 ad
1018 4555 1189 4628 maiorem
1207 4553 1316 4626 buius
1333 4555 1385 4626 rei
1404 4551 1632 4630 securitatem
1646 4559 1692 4632 de
1709 4581 1812 4634 mau-
