4612 5964
474 714 519 780 88
991 703 1299 778 REGISTRUM
1665 709 1818 806 [sucum

473 905 682 1002 scriptnmm
700 909 736 978 in
756 907 923 978 omnibus
940 904 1011 976 suis
1028 901 1170 998 pundis
1187 912 1226 974 et
1243 901 1406 974 articulis
1421 904 1517 977 disce
1540 905 1663 978 mense
1680 911 1819 1003 cupitu-

476 1019 540 1092 lnri
566 1043 630 1114 pro
648 1019 750 1092 nobis
767 1029 806 1090 et
824 1014 1076 1090 successoribus
1102 1011 1231 1086 nostris
1252 1015 1467 1086 austeritate
1493 1011 1615 1088 nostra
1641 1020 1819 1090 ordinaria

475 1135 740 1226 imperpetuum
772 1129 1010 1224 approbamus
1043 1127 1262 1199 ratificamus
1291 1136 1331 1197 et
1360 1125 1613 1199 confirmamus
1646 1130 1750 1201 iuxte
1779 1142 1818 1202 et

474 1243 668 1317 secundum
695 1251 839 1314 tenores
865 1241 1060 1313 eumndem
1079 1279 1088 1296 ·
1108 1235 1260 1331 Insuper
1284 1261 1348 1331 pro
1375 1237 1475 1309 nobie
1501 1247 1540 1308 et
1563 1234 1817 1312 suecessoribus

474 1351 603 1426 nostris
629 1353 852 1426 declaramus
868 1353 964 1445 quod
982 1352 1029 1424 nb
1045 1352 1194 1442 antiquo
1219 1351 1385 1423 esnoniei
1405 1347 1499 1420 diue
1524 1346 1674 1422 ecclesie
1698 1345 1818 1422 nostre

475 1467 521 1538 ‹le
546 1467 714 1560 prediticis
739 1459 896 1556 ecclesrjs
922 1462 1174 1534 communibus
1200 1462 1350 1532 suemnt
1374 1461 1552 1531 immunes
1578 1471 1617 1531 et
1643 1460 1746 1532 liberi
1772 1462 1818 1534 ub

475 1580 575 1649 omni
592 1573 810 1671 prestatione
827 1570 969 1665 subsrdij
983 1585 1022 1644 et
1036 1594 1332 1665 quummcunque
1349 1570 1498 1643 slinmm
1512 1571 1741 1643 exactionum
1755 1611 1764 1630 ·
1779 1585 1818 1644 et

475 1698 664 1782 propterea
682 1685 912 1758 concedimus
929 1684 1025 1776 quod
1044 1693 1118 1754 tum
1137 1683 1183 1752 de
1200 1683 1369 1777 predictis
1386 1678 1541 1776 ecelesrjs
1564 1683 1818 1756 communibus

476 1821 583 1891 quem
601 1800 637 1870 in
655 1797 816 1867 futurum
837 1794 1042 1866 obtinendis
1060 1790 1123 1886 ipse
1141 1797 1304 1866 canonici
1323 1807 1360 1866 et
1378 1817 1499 1867 eorum
1517 1791 1728 1868 successores
1746 1792 1817 1867 sint

477 1909 580 1980 liberi
604 1933 626 1980 u
652 1903 803 1977 subsidio
833 1917 871 1975 et
897 1902 1166 1996 quibuscunque
1191 1902 1273 1996 ulijs
1303 1907 1548 1977 exustionibus
1573 1929 1638 2000 per
1662 1929 1728 1979 nos
1752 1921 1817 1980 nut

475 2015 613 2090 nostros
638 2012 846 2088 successores
872 2016 1059 2108 exigendis
1077 2013 1134 2085 sel
1161 2014 1325 2086 leuandis
1350 2039 1564 2109 quocunque
1589 2027 1754 2112 tempore
1779 2021 1815 2090 in

477 2131 638 2201 sutumm
658 2169 666 2186 ·
686 2126 836 2219 Insuper
860 2127 944 2218 quin
970 2128 1006 2196 in
1034 2124 1169 2197 statuto
1191 2127 1373 2218 quondum
1400 2126 1492 2197 bone
1517 2129 1691 2200 memorie
1715 2127 1814 2200 Petri

477 2237 725 2334 predecessoris
751 2233 857 2308 nostri
884 2238 1031 2307 condito
1049 2221 1262 2308 auu'oritare
1279 2233 1472 2330 npostolicu
1489 2239 1612 2333 vigore
1631 2237 1814 2313 cuiusdnm

476 2352 574 2423 bulle
600 2351 769 2446 plumbee
795 2348 908 2419 selieis
937 2349 1191 2420 reeordationis
1218 2348 1426 2442 Innoceneij
1446 2372 1538 2443 pape
1563 2353 1682 2441 quarti
1709 2376 1815 2424 enue-

476 2476 536 2536 tur
569 2462 898 2560 pseudocanonicis
931 2458 1067 2554 ricurqi·
1099 2459 1279 2556 capellanis
1304 2468 1336 2532 et
1360 2457 1487 2533 clericis
1515 2457 1614 2534 chori
1634 2485 1759 2536 neuton
1785 2473 1817 2538 ct

473 2597 586 2648 eonem
618 2572 794 2669 moncipijs
821 2569 916 2666 infru
943 2573 1120 2642 eunonium
1152 2569 1421 2668 Abeudoneuscn
1450 2569 1680 2644 decedentibus
1712 2574 1820 2650 nichil

474 2689 604 2760 rotmue
645 2683 829 2772 neormam·
857 2681 897 2754 ab
929 2682 1042 2778 ulique
1075 2684 1231 2780 carpatur
1264 2681 1330 2778 sed
1368 2691 1491 2753 lmrlum
1528 2683 1698 2779 srrfficiont
1733 2712 1815 2785 pro·

472 2799 555 2870 luite
586 2795 764 2870 oblationes
796 2803 845 2867 etc
874 2835 882 2852 ·
913 2806 952 2865 et
986 2795 1081 2886 quod
1107 2795 1235 2887 presuti
1261 2795 1423 2866 cononici
1457 2805 1496 2865 et
1530 2792 1681 2887 persone
1711 2798 1814 2893 supe·

472 2911 546 2980 rius
563 2905 738 3003 designati
757 2907 878 3000 rigore
904 2903 1104 2976 buiuliuodi
1125 2901 1249 2976 ssetuti
1273 2902 1384 2976 nichil
1408 2900 1707 2997 predecessoribus
1734 2908 1813 2982 nos·

472 3023 536 3092 tris
553 3043 619 3114 pro
635 3016 965 3090 eontimrntionibus
991 3013 1286 3087 testamentorum
1307 3012 1446 3086 suornm
1466 3015 1715 3108 persoluerunt
1732 3045 1812 3116 pre·

471 3145 633 3224 torquem
658 3127 878 3222 temporibus
896 3127 1075 3219 quondam
1094 3125 1245 3199 ilenrici
1264 3139 1301 3198 et
1322 3125 1499 3222 lngemmi
1526 3127 1808 3221 predecessorum

471 3240 670 3314 uostmrum
689 3238 820 3333 quibus
837 3239 883 3309 de
903 3239 1155 3309 enneuicomm
1183 3233 1414 3310 residentium
1441 3239 1565 3312 snuorc
1590 3253 1629 3312 et
1655 3241 1811 3319 liberuli-

469 3365 546 3424 mtc
563 3353 610 3424 ob
628 3371 792 3445 nmgrmm
818 3361 856 3420 et
883 3347 1081 3419 notabilem
1108 3349 1279 3422 lubricum
1306 3345 1453 3421 eeclesm
1478 3351 1695 3426 entbedmlis
1721 3366 1809 3430 tune

468 3465 687 3536 eminentem
723 3460 950 3533 conlimmeio
980 3456 1179 3531 huiusmodi
1215 3455 1510 3532 testamentorum
1546 3463 1618 3534 suit
1646 3465 1809 3542 concessu

467 3575 571 3646 euius
593 3567 825 3645 concellronis
843 3571 964 3664 vigore
990 3571 1213 3663 temporibus
1229 3567 1300 3642 suis
1318 3571 1412 3643 ditis
1437 3568 1656 3647 testamenta
1680 3581 1808 3651 coufir-

467 3694 613 3758 mnrunt
640 3724 650 3743 ·
677 3694 716 3754 et
746 3681 829 3774 quie
860 3679 1060 3752 huiusmodi
1096 3678 1313 3754 testamenta
1342 3705 1406 3776 per
1432 3695 1541 3756 nnten
1570 3685 1714 3762 luerunt
1743 3713 1808 3785 per

467 3798 642 3868 decenum
668 3805 707 3864 et
730 3788 929 3885 capitulum
955 3787 1104 3863 ecelesre
1126 3791 1303 3887 prelibnte
1330 3793 1538 3866 confirmatu
1568 3810 1676 3890 prout
1703 3798 1807 3897 super

466 3907 535 4000 bijs
551 3905 595 3978 ud
622 3903 769 3998 plenum
797 3901 1033 3973 insommmur
1057 3899 1143 3973 lieet
1168 3900 1292 3996 pollen
1308 3905 1356 3977 nb
1371 3903 1549 3998 aliquibus
1571 3908 1808 3988 dubitabatur

467 4041 512 4091 nrr
530 4039 596 4112 per
611 4011 812 4088 huiusmodi
827 4011 935 4084 verbu
953 4015 989 4082 in
1003 4013 1099 4084 diuo
1113 4009 1248 4086 llntutn
1264 4026 1436 4087 contentu
1451 4018 1680 4093 confirmacio
1698 4021 1807 4100 testu·

466 4137 669 4200 mentorum
685 4123 924 4218 prodiderunt
943 4123 988 4194 ud
1006 4124 1183 4197 decenum
1202 4135 1239 4196 et
1258 4125 1455 4219 capitulum
1468 4125 1629 4222 spectare
1646 4132 1777 4208 debent
1793 4177 1804 4196 ·

466 4239 546 4310 Nos
562 4238 610 4309 ob
626 4237 797 4308 bonorem
821 4235 1082 4326 omnipotentis
1099 4233 1168 4308 Dei
1192 4235 1535 4330 unrplintionemque
1551 4241 1673 4316 cultus
1690 4246 1804 4322 diuini

464 4367 503 4422 et
521 4351 557 4421 in
576 4349 734 4420 sanorem
752 4345 1006 4418 canonicorum
1024 4345 1118 4420 diue
1135 4344 1284 4420 ecclesre
1302 4343 1419 4420 nostro
1435 4345 1589 4422 residere
1602 4355 1801 4432 solentium

464 4461 598 4534 ibidem
617 4457 696 4532 Deo
714 4455 945 4528 semientium
964 4468 1002 4526 ot
1023 4457 1287 4552 imperpetuum
1307 4456 1559 4532 seruitummm
1579 4462 1804 4544 declaremus
1910 4455 1917 4470 ⁸

463 4582 501 4644 et
519 4573 732 4666 inquantum
746 4589 837 4662 opus
852 4563 905 4639 est
920 4567 966 4640 de
978 4590 1074 4640 nouo
1088 4565 1279 4642 ssntuimus
1291 4581 1329 4644 et
1343 4571 1572 4644 concedimus
1584 4574 1631 4647 de
1646 4581 1802 4654 rrtsnimi
