4590 5954
511 734 617 828 xus]
989 740 1394 817 ABERDONENSE.

898 1052 1045 1126 XLVI.
1073 1052 1131 1125 De
1149 1049 1451 1144 conspiratoribus
1469 1089 1477 1106 ·

509 1270 875 1350 Excommunicamus
914 1279 1026 1350 ctiam
1065 1295 1191 1345 omnes
1229 1269 1489 1365 conspiratores
1528 1285 1655 1346 contra
1693 1277 1854 1368 proprios

506 1381 689 1480 episcopos
705 1389 763 1461 vel
782 1389 920 1461 alienos
937 1389 1039 1481 regni
1059 1393 1097 1456 et
1114 1405 1240 1454 omues
1258 1382 1559 1477 conspiratoribus
1581 1383 1853 1460 consencientes

505 1519 548 1568 eo
566 1501 660 1591 quod
679 1501 770 1574 tales
787 1499 977 1573 scismatici
995 1496 1080 1569 suut
1098 1505 1137 1567 et
1154 1496 1305 1566 infames
1323 1536 1331 1552 ·

808 1720 975 1794 XLVII.
1004 1720 1062 1791 De
1077 1720 1290 1791 obediencia
1306 1719 1517 1792 clericorum
1535 1759 1543 1775 ·

501 1948 680 2032 Quoniam
707 1945 837 2017 melior
859 1941 915 2016 est
937 1945 1149 2016 obediencia
1172 1967 1279 2038 qaam
1298 1945 1443 2017 vittime
1469 1956 1507 2016 et
1532 1949 1759 2018 contumacia
1782 1945 1844 2019 seu

498 2059 748 2131 inobediencia
764 2069 914 2151 peccato
928 2057 1103 2130 ariolandi
1116 2067 1156 2128 et
1172 2058 1371 2152 ydolatcrie
1388 2068 1638 2150 comparatur·
1654 2055 1844 2132 statuimus

497 2172 593 2264 quod
611 2192 735 2242 omnes
756 2166 986 2243 ecclesiastici
1004 2171 1071 2241 riri
1097 2169 1168 2242 suis
1195 2169 1401 2264 dyocesanis
1426 2170 1681 2242 archidiaconis
1699 2173 1843 2244 decanis

496 2285 534 2354 in
551 2283 731 2355 mandatis
745 2282 854 2354 licitis
868 2291 907 2354 et
920 2283 1104 2356 canonicis
1117 2285 1382 2356 contumaciter
1394 2292 1433 2354 et
1446 2280 1521 2354 sine
1537 2281 1724 2358 manifesta
1737 2283 1843 2358 causa

494 2395 700 2466 rationabili
725 2390 930 2467 resistentes
953 2395 999 2466 ab
1023 2395 1140 2466 officio
1165 2391 1426 2490 suspendantur
1448 2407 1485 2468 ct
1511 2394 1692 2470 crescente
1713 2409 1841 2472 contu·

496 2507 610 2579 macie
625 2528 719 2600 pene
736 2508 862 2578 maiori
881 2504 1108 2579 subdantur·

494 2728 679 2802 XLVIII.
699 2729 756 2802 De
767 2727 1018 2823 questionarijs
1029 2727 1125 2820 quod
1137 2749 1209 2799 nou
1224 2724 1290 2798 nisi
1302 2725 1410 2800 semel
1425 2730 1461 2799 in
1473 2752 1567 2800 anno
1577 2731 1836 2805 admittantur·

491 2955 672 3038 Quoniam
698 2953 844 3046 quidam
871 2947 1102 3044 questionarij
1122 2951 1228 3044 varijs
1254 2949 1478 3024 illusionibus
1503 2955 1641 3026 animas
1667 2951 1836 3050 simplicis

489 3065 613 3160 populi
645 3061 822 3137 seducunt
857 3061 1050 3136 statuimus
1085 3065 1182 3157 quod
1216 3087 1299 3137 cum
1332 3065 1462 3157 aliquis
1497 3065 1756 3158 questionarius
1789 3072 1834 3143 ad

488 3177 644 3270 aliquam
671 3173 857 3249 ecclesiam
884 3173 1068 3249 accesserit
1093 3172 1299 3248 ministrans
1322 3179 1359 3247 in
1378 3178 1504 3250 eadem
1531 3176 1681 3252 ecclesia
1705 3183 1833 3254 eodem

488 3289 547 3361 die
564 3291 751 3385 negotium
765 3290 851 3361 ditti
870 3286 1101 3382 questiouarij
1119 3289 1344 3382 parochianis
1362 3288 1433 3360 suis
1449 3302 1658 3363 reuerenter
1674 3306 1834 3388 exponat

487 3401 683 3475 secundum
701 3402 796 3494 quod
814 3403 851 3472 in
872 3401 985 3473 literis
1003 3401 1139 3471 domini
1158 3399 1257 3494 Pape
1274 3411 1313 3472 et
1331 3398 1518 3495 dyocesani
1536 3406 1764 3477 continetur·
1780 3409 1832 3478 ita

486 3517 581 3608 quod
591 3517 764 3587 dittarum
776 3513 965 3585 litoramm
977 3522 1141 3584 tenorem
1152 3512 1361 3585 nullatenus
1371 3514 1599 3585 excedat-ad
1610 3516 1720 3587 alium
1733 3518 1828 3589 diem

486 3641 609 3700 autem
627 3628 720 3698 insra
736 3648 873 3697 annunr
893 3624 995 3695 illum
1015 3624 1172 3695 cundem
1186 3622 1465 3716 questionarium
1484 3627 1520 3696 in
1538 3629 1663 3698 cadem
1681 3627 1830 3702 ecclelia

485 3763 549 3837 pro
566 3740 693 3813 codem
712 3739 863 3834 negocio
880 3735 986 3810 nullo.
1001 3736 1108 3807 modo
1121 3736 1314 3809 admittat·
1327 3738 1372 3808 ad
1390 3737 1458 3809 boc
1475 3734 1665 3810 statuimus
1678 3743 1829 3814 tirmiter

484 3851 745 3926 obsemaudum
780 3851 876 3944 quod
907 3873 929 3920 a
957 3849 1134 3941 principio
1168 3844 1436 3943 quadragesime
1464 3847 1572 3943 usque
1605 3853 1649 3923 ad
1683 3855 1826 3926 oitauas

486 3963 620 4038 Pasche
654 3965 845 4060 negocium
880 3962 1016 4034 fabrice
1051 3956 1282 4056 Glasgnrensis
1315 3957 1464 4033 ecclesie
1498 3963 1664 4036 omnibus
1698 3967 1825 4038 diebus

483 4079 671 4151 dominicis
695 4087 734 4149 et
759 4074 916 4147 fideliter
933 4083 971 4146 et
988 4070 1184 4167 diligenter
1201 4074 1236 4144 in
1256 4069 1403 4167 singulis
1428 4071 1587 4168 ccclesrjs
1611 4074 1689 4170 post
1713 4102 1825 4150 euan-

481 4190 617 4287 gelium
641 4185 740 4260 misse
765 4185 980 4283 parochialis
1004 4196 1210 4279 exponatur
1234 4195 1272 4256 et
1297 4184 1524 4280 indulgentia
1549 4189 1665 4260 eidam
1689 4191 1823 4263 fabrice

482 4301 779 4377 subuenientibus
808 4295 972 4371 concessa
996 4317 1104 4389 quam
1135 4297 1173 4368 in
1201 4295 1364 4390 qualibet
1389 4295 1538 4370 ecclesa
1561 4298 1728 4393 scriptam
1753 4301 1823 4374 elle

480 4415 696 4511 precipimus
720 4423 846 4507 aperte
863 4424 902 4483 et
919 4405 1085 4481 distintie
1110 4406 1243 4481 eisdem
1270 4409 1494 4504 parochianis
1510 4411 1707 4504 vulgariter
1727 4413 1823 4488 dica·

401 4584 414 4596 ..
481 4541 541 4601 tur
557 4537 596 4599 et
612 4520 807 4600 elemosine
832 4522 1031 4596 eomndem
1056 4544 1098 4593 ac
1125 4521 1220 4594 bona
1245 4523 1498 4594 decedentium
1514 4524 1561 4596 ab
1584 4521 1754 4598 intestato
1778 4552 1821 4602 ac

480 4643 591 4715 etiam
614 4640 675 4733 pie
700 4636 820 4732 legata
845 4633 1044 4710 secundum
1070 4631 1367 4707 consuetudinem
1392 4634 1566 4708 hedenus
1588 4638 1818 4732 approbatam
