4612 5964
466 686 512 757 74
986 673 1295 749 REGISTRUM
1661 682 1814 777 [aueum

468 986 691 1062 Constitutio
708 1013 804 1064 noua
821 989 926 1084 super
943 985 1108 1062 clausura
1124 981 1350 1058 maniionnm
1366 987 1517 1058 canonia
1530 1001 1617 1060 aute
1634 1003 1671 1061 et
1689 1003 1786 1061 retro
1806 1030 1814 1046 ·

470 1214 565 1286 item
576 1213 753 1289 statutum
763 1208 817 1285 est
828 1235 939 1307 penes
952 1209 1133 1285 clausuras
1144 1205 1382 1302 hospiciorum
1396 1206 1488 1279 infra
1500 1212 1691 1282 canoniam
1707 1209 1814 1282 fitne·

469 1339 590 1399 torum
607 1323 683 1398 fune
707 1326 942 1398 reuocatione
968 1323 1096 1417 prioris
1122 1317 1250 1392 statuti
1277 1314 1424 1414 desuper
1450 1319 1540 1391 editi
1565 1321 1662 1414 quod
1688 1344 1814 1394 omncs

469 1441 631 1511 canonici
649 1431 852 1509 manfronea
878 1433 1055 1506 habentes
1080 1428 1174 1526 ipsae
1201 1454 1286 1504 cum
1314 1451 1433 1504 eanum
1459 1427 1630 1503 clausuris
1653 1433 1813 1504 maxime

469 1559 556 1621 unte
588 1559 628 1621 et
656 1557 755 1620 retro
785 1547 879 1618 eitra
912 1540 1043 1616 festum
1077 1539 1189 1614 saneti
1224 1540 1416 1616 Michaelis
1447 1543 1614 1638 proxime
1647 1542 1812 1614 futurum

469 1662 667 1732 reforment
684 1668 723 1730 et
740 1655 960 1729 sufficienter
971 1655 1137 1726 reficiant
1148 1663 1188 1724 et
1200 1653 1271 1726 hoc
1287 1651 1352 1724 sub
1366 1675 1461 1746 pena
1473 1654 1603 1749 viginti
1617 1649 1811 1724 solidorum

469 1795 540 1864 qua
564 1792 658 1865 pena
675 1767 798 1841 leuata
824 1787 896 1838 non
913 1763 1080 1836 obstante
1096 1763 1194 1855 quod
1211 1763 1346 1836 deiude
1368 1765 1462 1838 infra
1477 1787 1616 1836 aunum
1646 1767 1811 1858 proximo

469 1881 677 1975 sequentem
696 1879 765 1949 hoo
791 1876 925 1948 faciant
943 1870 1008 1946 sub
1032 1897 1127 1968 pena
1151 1875 1389 1970 quadraginta
1409 1875 1602 1949 solidorum
1621 1887 1660 1948 et
1678 1873 1726 1950 stc
1744 1874 1813 1948 suu.

468 1993 563 2088 gulis
579 1991 683 2064 annis
699 1986 918 2082 duplicando
941 2007 1071 2079 penam
1099 1980 1286 2078 quousque
1303 1985 1593 2060 reformationem
1611 1987 1746 2060 faciant
1773 2001 1812 2060 vt

468 2103 681 2198 prefertur·
710 2097 760 2170 Et
785 2097 881 2192 quod
905 2098 942 2168 in
971 2096 1066 2168 dieta
1084 2118 1178 2188 pena
1196 2094 1352 2167 leuando
1366 2095 1467 2169 nulia
1480 2097 1546 2170 fiat
1571 2097 1726 2172 remidio
1751 2097 1811 2172 sed

469 2218 611 2309 integre
628 2211 774 2282 leuetur
790 2219 828 2280 et
845 2209 966 2279 media
983 2229 1064 2300 pars
1082 2207 1126 2277 ad
1145 2207 1318 2278 fabricam
1343 2203 1489 2280 ecclefie
1506 2219 1545 2280 et
1563 2211 1635 2282 alia
1658 2234 1740 2304 pars
1764 2213 1810 2284 ad

467 2323 762 2398 reformationem
787 2329 1083 2390 ornamentorum
1111 2312 1264 2390 ecciesre
1289 2329 1518 2390 convertatur
1543 2357 1552 2375 ·
1579 2330 1618 2392 et
1644 2323 1739 2412 quod
1766 2325 1811 2394 ad

467 2437 681 2510 tolutionem
698 2433 795 2505 dicte
811 2453 906 2526 pene
923 2453 989 2524 per
1004 2425 1325 2522 sequestrationem
1352 2428 1529 2502 musteum
1548 2432 1810 2524 prebendarum

467 2553 504 2620 in
522 2549 590 2622 hac
607 2555 711 2643 parte
728 2542 992 2640 negligentium
1012 2539 1230 2634 procedatur
1254 2576 1265 2598 ·
1290 2537 1343 2612 Et
1355 2540 1449 2632 qnod
1467 2540 1592 2614 nulius
1616 2545 1812 2616 canonicor

468 2661 565 2734 fuam
596 2652 818 2732 mansionem
852 2653 959 2728 alicui
995 2653 1204 2726 committat
1239 2646 1306 2723 nifr
1341 2654 1510 2725 mnouieo
1544 2650 1715 2724 refidonti
1749 2659 1810 2748 qui

465 2773 611 2866 quidem
628 2768 824 2842 canonicae
841 2761 888 2838 fro
906 2761 1064 2838 mirdane
1090 2761 1296 2836 hniufinodi
1313 2758 1530 2836 mansionem
1547 2787 1621 2837 nou
1638 2763 1811 2840 afl'cdabit

465 2885 667 2974 cuicunque
683 2875 833 2972 persone
850 2871 915 2948 niii
930 2871 1075 2968 presens
1089 2897 1154 2967 per
1166 2872 1365 2966 capitulum
1378 2875 1609 2948 examinetur
1624 2888 1663 2950 et
1681 2878 1811 2951 mimit-

464 3004 590 3064 tetur·
611 2989 660 3060 Et
678 2985 703 3060 fr
722 2985 824 3058 secus
841 2987 975 3058 fastum
1002 2986 1113 3055 fuerit
1132 2983 1192 3055 uei
1208 2993 1469 3078 attemptatum
1495 3009 1568 3058 non
1588 2987 1724 3062 vaiebit
1749 2989 1809 3062 fed

464 3105 509 3174 de
526 3103 623 3174 uiua
639 3093 824 3172 manfionu
841 3095 1041 3190 capitulum
1059 3094 1266 3188 prouidebit
1285 3135 1294 3152 ·

513 3325 571 3398 De
596 3345 711 3416 cappa
735 3317 907 3391 soluenda
932 3340 998 3412 per
1022 3318 1238 3388 canonicum
1267 3319 1461 3390 intrantem
1489 3317 1694 3414 priusquam
1712 3325 1755 3394 ad

894 3429 1137 3502 communium
1155 3429 1374 3521 recipiatur·

463 3659 558 3733 item
575 3655 671 3750 quod
697 3651 853 3748 quilibet
878 3651 1073 3724 canonicus
1099 3648 1245 3745 profana
1271 3651 1407 3722 intraar
1423 3651 1483 3724 uei
1501 3655 1702 3728 intraturus
1727 3681 1807 3752 pre·

460 3769 618 3843 fcntabit
645 3787 754 3838 unam
781 3785 933 3858 cappam
969 3761 1116 3835 fericam
1151 3771 1217 3834 aut
1252 3762 1459 3834 dcaumtam
1495 3761 1730 3841 sufficientem
1766 3785 1805 3842 et

459 3877 644 3954 honestm
663 3875 722 3948 uel
750 3875 928 3947 decimam
954 3886 1094 3967 partem
1121 3869 1184 3944 fue
1210 3871 1392 3967 prebende
1413 3873 1508 3950 infra
1524 3901 1661 3952 annum
1679 3882 1806 3955 imme·

459 3993 558 4066 diate
583 3983 663 4084 post
687 3984 787 4059 suam
812 3986 1059 4078 receptionem
1091 4005 1156 4078 pro
1183 4005 1300 4079 cappa
1333 3983 1473 4058 decenti
1505 4011 1570 4082 per
1601 3993 1802 4086 capitulum

458 4101 634 4176 emenda·
648 4121 717 4172 uec
729 4097 810 4191 quir
822 4096 1041 4168 admittatur
1052 4097 1097 4168 ad
1111 4095 1355 4168 communiam
1368 4099 1609 4194 recipiendam
1625 4100 1691 4175 nifr
1706 4108 1803 4198 priua

457 4236 571 4310 cappe
587 4210 704 4285 soluta
720 4207 780 4281 uel
798 4209 965 4303 portione
990 4209 1152 4302 preditta
1177 4207 1240 4278 fue
1265 4205 1470 4302 prebende·
1488 4209 1540 4284 Et
1564 4215 1609 4286 ad
1627 4218 1802 4310 reeipien-

455 4329 541 4402 dum
561 4319 763 4398 huiusmodi
788 4317 946 4392 summm
964 4318 1205 4392 thesaurariae
1230 4315 1286 4390 est
1311 4339 1373 4414 per
1387 4322 1587 4416 capitulum
1605 4325 1802 4420 deputatus

455 4439 516 4532 qui
542 4437 589 4508 de
616 4432 764 4506 summu
794 4427 842 4504 suc
872 4431 1088 4524 recipiendis
1114 4431 1294 4503 rationem
1322 4429 1445 4505 reddet
1474 4435 1636 4530 capitulo
1656 4439 1801 4531 quando

455 4549 559 4642 firper
575 4546 643 4619 hoc
660 4567 725 4639 per
740 4539 940 4637 capitulum
960 4541 1070 4613 fuerit
1087 4537 1280 4634 requifrtue
1298 4583 1306 4598 ·
