4590 5954
461 747 506 812 18
981 726 1289 802 REGISTRUM
1651 730 1803 826 [secum

460 938 610 1012 uoculae
635 939 681 1010 ad
706 932 983 1009 inhabitandum
1009 927 1164 1000 fecerint
1182 926 1240 997 vel
1267 950 1313 998 ex
1338 937 1462 998 mutuo
1486 925 1548 1000 seu
1575 930 1803 1002 commodato

460 1051 652 1124 habuerint
686 1044 751 1121 nisr
787 1043 888 1119 secus
918 1036 1150 1118 ecclesiarum
1183 1036 1305 1132 aliqua
1336 1037 1513 1133 legittima
1547 1039 1803 1134 prescriptIoue

461 1165 571 1235 fuerit
588 1164 730 1234 munite
747 1201 755 1216 ·

612 1381 759 1456 XLIII.
785 1378 897 1454 Casus
914 1381 951 1451 in
969 1378 1101 1472 quibus
1124 1377 1480 1452 excommunicantur
1502 1373 1563 1464 qui
1592 1375 1803 1464 perturbant

611 1499 706 1567 viros
722 1487 980 1567 ecelesrastieos
997 1489 1060 1562 scu
1078 1513 1204 1564 eorum
1230 1496 1472 1584 procuratores
1489 1505 1535 1554 ne
1553 1483 1686 1554 iaciant
1706 1505 1803 1554 com-

611 1609 760 1680 modum
778 1601 881 1674 suum
899 1602 945 1674 de
963 1602 1113 1674 decimis
1130 1600 1202 1674 suls
1220 1641 1230 1659 ·

464 1829 560 1902 Item
587 1827 778 1902 statuimus
803 1850 850 1898 ne
875 1825 1044 1898 aduocati
1071 1819 1301 1897 ecclesiamm
1327 1821 1384 1895 scu
1405 1821 1559 1916 quilibet
1583 1818 1663 1891 laici
1691 1821 1803 1912 impc-

464 1943 565 2014 diaut
590 1939 649 2013 vel
679 1937 894 2034 prohibeant
923 1948 989 2008 aut
1020 1936 1142 2028 aliquo
1172 1933 1280 2007 modo
1308 1933 1523 2028 compellant
1551 1926 1716 2026 personas
1745 1930 1801 2001 ecl

463 2053 613 2123 vicarios
639 2048 700 2122 seu
729 2054 980 2141 procuratores
1011 2067 1136 2116 eorum
1163 2068 1234 2138 quo
1265 2047 1380 2118 minus
1404 2047 1449 2117 de
1474 2045 1622 2116 decimis
1647 2041 1717 2116 suis
1742 2041 1802 2117 seu

464 2163 690 2232 dominorum
717 2155 860 2228 suorum
887 2155 1002 2226 libere
1019 2154 1167 2226 valeant
1191 2152 1373 2248 disponere
1390 2156 1545 2227 vendere
1563 2153 1621 2226 vel
1646 2155 1803 2228 alienare

463 2293 679 2364 quocunque
704 2268 811 2338 modo
830 2265 1013 2337 voluerint
1038 2288 1106 2338 nec
1132 2269 1243 2338 etiam
1270 2262 1340 2337 suia
1361 2265 1418 2336 vel
1443 2265 1570 2337 alienis
1599 2266 1803 2339 bominibus

464 2380 678 2477 prohibeant
702 2402 748 2450 uc
771 2379 947 2449 decimam
973 2389 1099 2448 emaut
1123 2375 1185 2449 seu
1211 2379 1321 2450 etiam
1345 2377 1430 2448 alias
1454 2377 1692 2450 obucntIoncs
1709 2419 1717 2436 ·
1736 2403 1802 2452 nce

464 2494 576 2568 etiam
594 2492 734 2565 clericis
753 2489 899 2582 aliquod
926 2489 1229 2584 impedimentum
1255 2487 1411 2585 prestent
1427 2511 1499 2582 quo
1516 2490 1635 2560 miuus
1652 2490 1697 2561 ad
1714 2513 1803 2584 opus

465 2605 647 2699 proprium
670 2625 731 2674 eas
753 2601 928 2696 colligant
952 2613 991 2674 ct
1018 2624 1082 2694 pro
1106 2602 1254 2675 arbitrio
1280 2600 1341 2673 suo
1355 2602 1401 2674 de
1418 2601 1460 2695 ijs
1476 2597 1665 2695 disponant
1681 2639 1690 2657 ·
1708 2604 1802 2694 quod

465 2712 492 2786 st
519 2717 599 2806 quis
628 2713 873 2787 contrafacere
903 2711 1157 2807 presumpserit
1183 2715 1241 2786 vel
1271 2737 1409 2808 quoquo
1438 2714 1545 2784 nnuc
1574 2715 1611 2784 iu
1642 2714 1802 2784 fraudem

465 2823 704 2899 ecclesiastice
737 2825 916 2896 libertatis
945 2837 985 2896 et
1016 2822 1195 2898 sacrorum
1229 2847 1403 2900 caucum
1436 2825 1663 2898 machinatus
1695 2826 1803 2898 luerit

465 2938 680 3010 austeritate
697 2934 839 3028 coneilij
857 2935 1036 3030 generalis
1054 2939 1410 3011 excommunicetur·

814 3154 958 3228 XLIV.
988 3156 1046 3228 De
1063 3158 1267 3231 iurantibus
1283 3160 1459 3232 decimas·

468 3383 562 3454 Item
590 3378 780 3453 statuimus
806 3381 900 3472 quod
927 3383 1135 3474 quicunque
1161 3381 1223 3474 filij
1255 3383 1460 3477 perditionIs
1486 3385 1642 3456 decimas
1672 3385 1804 3458 surtiue

466 3493 708 3588 subripuerint
733 3507 797 3565 aut
820 3493 854 3561 vi
881 3504 945 3564 aut
971 3494 1065 3564 clam
1093 3497 1350 3588 occupauerint
1372 3507 1435 3568 aut
1461 3497 1617 3568 decimas
1643 3496 1802 3592 segetum

465 3604 579 3678 seties
597 3607 633 3677 in
651 3606 745 3700 agris
771 3603 985 3695 reliquerint
1007 3617 1071 3676 aut
1099 3627 1163 3698 per
1179 3629 1283 3698 agros
1309 3609 1518 3700 proiecerint
1544 3623 1583 3680 et
1609 3611 1654 3682 ad
1679 3611 1804 3682 lrorrea

466 3715 661 3790 secuudum
680 3715 911 3789 rationabiles
929 3728 967 3789 et
985 3719 1154 3811 antiquas
1174 3716 1446 3791 eonsuetudines
1463 3720 1604 3794 deserrc
1620 3735 1804 3818 contemp-

465 3826 577 3903 serint
604 3825 844 3901 ecclcstastica
871 3827 1021 3900 censura
1045 3829 1091 3901 ad
1119 3825 1398 3902 satillaciendum
1423 3830 1503 3904 Deo
1528 3843 1567 3904 et
1591 3829 1738 3906 ecclesre
1763 3859 1804 3906 ac

465 3941 606 4014 clericis
624 3935 704 4012 lcsrs
721 3955 760 4012 ct
777 3941 1045 4033 dampnificatis
1062 3939 1244 4036 legittime
1261 3941 1545 4037 compellantur·

951 4161 1077 4236 XLV.
1104 4163 1162 4238 De
1179 4165 1306 4238 emam
1324 4207 1333 4224 ·

467 4389 526 4462 Ad
555 4389 621 4462 hcc
642 4381 832 4458 statuimus
849 4386 947 4478 quod
973 4383 1040 4458 iile
1056 4384 1240 4462 sentencie
1257 4391 1293 4462 in
1311 4383 1452 4486 sagulis
1477 4388 1635 4486 ecclcsrjs
1652 4391 1805 4490 singula·

465 4523 544 4574 rum
560 4496 749 4596 dyocesum
767 4497 812 4570 ad
829 4518 896 4570 uos
913 4493 1152 4594 spcitantium
1170 4523 1238 4598 per
1253 4510 1327 4574 tres
1338 4501 1411 4575 dier
1425 4500 1641 4600 sollempnes
1657 4501 1804 4602 singulis

465 4615 568 4688 aunis
585 4609 818 4708 publicentur
834 4650 843 4669 ·
