4526 5954
458 663 555 750 '290
1002 660 1313 736 oneraretur
1674 665 1825 764 [escun

492 868 626 943 seilicet
643 871 689 942 de
706 865 881 966 Kyneolsr
895 861 1095 958 Estertully
1112 870 1152 934 et
1170 861 1215 931 de
1233 867 1382 952 utraque
1394 859 1582 956 Deliburry
1597 867 1827 938 manentibus

493 1005 584 1076 quos
594 983 841 1078 temporaliter
852 982 977 1054 fouere
987 986 1163 1050 tenentur
1172 985 1211 1046 et
1224 974 1317 1044 tueri
1328 970 1539 1065 sepulturam
1549 971 1825 1050 eeclesusticnn

494 1095 709 1190 baptismum
734 1106 773 1168 et
798 1095 871 1169 alia
896 1091 1121 1166 memmenta
1149 1079 1385 1158 ecelesiastica
1415 1079 1589 1160 instanter
1621 1087 1828 1178 petentibus

495 1231 579 1281 eum
604 1217 754 1305 egerent
781 1229 914 1301 negare
937 1226 1012 1276 non
1038 1207 1209 1296 poterant
1234 1219 1303 1268 neo
1328 1195 1502 1268 debebant
1519 1203 1598 1266 tum
1624 1197 1709 1289 quio
1733 1197 1827 1268 idem

495 1320 660 1393 homines
676 1322 787 1393 etiam
805 1317 971 1389 volentes
988 1315 1033 1386 ed
1048 1314 1181 1385 dietam
1194 1305 1380 1382 ecclefiam
1394 1305 1631 1402 parochialem
1644 1308 1691 1379 de
1702 1305 1829 1380 Cultre

497 1441 596 1504 trans
629 1431 763 1503 flumen
789 1428 926 1524 grande
953 1423 1059 1497 fitam
1085 1424 1209 1494 venire
1239 1431 1385 1516 propter
1414 1419 1700 1514 magnitudinem
1734 1418 1829 1490 illius

496 1543 654 1616 fluminis
672 1538 945 1612 intercurrentis
963 1545 1115 1629 pontem
1132 1532 1191 1604 rel
1208 1535 1415 1626 pontionem
1427 1554 1498 1604 non
1512 1531 1678 1603 habentis
1688 1555 1829 1627 perraro

497 1653 667 1727 aoeedere
692 1643 837 1742 poliunt
861 1655 901 1718 et
926 1655 1102 1739 poterunt
1126 1643 1344 1736 abantiquo
1368 1644 1630 1738 propterquod
1654 1654 1731 1716 tam
1755 1667 1831 1717 eor-

497 1785 624 1858 porum
655 1782 762 1852 quam
796 1757 997 1828 animarum
1027 1755 1216 1826 bominum
1249 1753 1402 1848 ipsorum
1431 1755 1599 1849 frequens
1630 1755 1829 1849 perieulum

497 1875 644 1947 attenua
661 1868 874 1941 imminebat
892 1906 901 1925 ·
918 1863 1012 1936 Tum
1030 1865 1143 1936 etiam
1160 1867 1247 1957 quia
1262 1861 1327 1958 ipsr
1344 1866 1465 1938 fratrea
1477 1868 1606 1962 templi
1623 1879 1738 1942 terras
1754 1891 1832 1964 pre·

498 1985 611 2057 didiae
627 1981 666 2052 in
683 1979 813 2072 quibus
826 1978 924 2049 idem
940 1976 1106 2048 homines
1116 1979 1537 2072 commoranturproprijs
1548 1976 1619 2052 suis
1633 1978 1831 2074 sumptibus

498 2109 539 2168 et
556 2093 737 2166 laboribus
757 2091 803 2162 ad
821 2087 1002 2160 culturam
1020 2087 1190 2182 primitus
1207 2087 1420 2183 redegerunt
1434 2097 1582 2182 propter
1597 2091 1693 2183 quod
1711 2088 1833 2164 seeun-

499 2208 587 2279 dum
602 2216 763 2276 tenorem
776 2199 1047 2295 priuilegn‘orum
1061 2199 1306 2294 predidtorum
1320 2197 1422 2270 licere
1433 2199 1602 2274 dioebant
1614 2203 1666 2274 eis
1677 2203 1832 2276 decimas

499 2312 752 2392 eccleliastiens
777 2322 816 2386 et
841 2311 1082 2384 obuentiones
1099 2311 1324 2383 omnimodas
1341 2320 1508 2384 terrarum
1534 2310 1689 2408 ipsarum
1708 2325 1833 2410 rtpote

501 2427 719 2502 incultarum
736 2423 799 2498 seu
816 2422 1038 2496 desertarum
1056 2421 1170 2496 iibere
1186 2419 1257 2496 suis
1274 2417 1392 2494 viibus
1406 2423 1582 2518 applicare
1593 2464 1602 2483 ·
1615 2423 1776 2500 Tandem
1794 2437 1834 2498 rt

503 2541 620 2614 omnis
636 2538 789 2610 materia
812 2533 1011 2630 questionis
1034 2530 1142 2629 super
1164 2529 1340 2629 premiiirs
1356 2535 1446 2608 inter
1460 2545 1581 2629 portes
1603 2537 1780 2631 predistas
1795 2540 1832 2612 in

503 2661 718 2749 perpetuum
737 2647 929 2720 tolleretur
944 2645 1159 2724 auaonute
1177 2643 1369 2739 subprioris
1380 2653 1416 2718 et
1430 2643 1572 2721 sacriste
1588 2649 1634 2721 de
1651 2647 1834 2745 Driburgb

502 2757 818 2840 oommiil'ariorum
843 2756 1126 2852 supredidtorum
1143 2758 1409 2830 interueniente
1422 2767 1543 2852 partes
1558 2760 1719 2852 proditio
1731 2759 1835 2855 super

502 2867 676 2970 premillis
692 2869 932 2944 amicabiliter
947 2866 1226 2960 composuerunt
1244 2869 1281 2938 in
1298 2867 1392 2940 bane
1404 2869 1547 2940 modurn
1559 2869 1730 2944 videlieet
1740 2873 1834 2966 quod

502 2980 671 3080 magister
694 2992 734 3055 et
758 2981 889 3054 fratres
914 2979 1064 3074 prediiti
1090 2977 1267 3074 capellam
1285 2977 1383 3050 suam
1406 2981 1600 3074 predidtam
1625 2982 1734 3078 pleno
1758 2985 1835 3058 iure

503 3096 651 3169 liberam
669 3093 827 3165 babeant
844 3101 883 3164 et
900 3091 1061 3182 quietam
1079 3091 1117 3162 in
1136 3100 1352 3186 perpetuum
1363 3115 1438 3164 eum
1455 3094 1634 3167 cimiterio
1650 3105 1689 3168 et
1705 3094 1837 3192 baptis·

503 3209 596 3280 terio
613 3203 772 3277 eiusdem
796 3225 862 3298 pro
886 3200 924 3274 se
941 3212 981 3274 et
1006 3200 1144 3276 familia
1159 3199 1223 3274 sua
1239 3212 1278 3275 et
1295 3201 1554 3278 transeuntibus
1571 3229 1614 3281 ao
1638 3209 1750 3282 etiam
1773 3231 1836 3304 pro

504 3316 710 3391 bominibus
727 3337 791 3409 pro
808 3325 973 3408 tempore
996 3315 1229 3386 manentibus
1245 3317 1283 3386 in
1310 3318 1412 3388 terris
1427 3316 1496 3388 suis
1513 3319 1681 3412 predibbis
1701 3316 1765 3394 libi
1791 3323 1836 3394 de

504 3425 635 3504 foresta
658 3428 752 3522 regis
777 3424 876 3499 dioto
900 3425 1009 3497 modo
1034 3425 1177 3498 collatis
1203 3448 1344 3500 necnon
1368 3427 1519 3500 decimas
1543 3439 1584 3502 et
1600 3431 1837 3506 obuentionea

503 3539 727 3614 omnimodas
745 3549 820 3612 tam
839 3539 884 3610 de
903 3537 1053 3632 proprijs
1079 3537 1232 3610 culturis
1256 3538 1466 3612 molendinis
1491 3537 1649 3635 piscarijs
1671 3545 1783 3636 pratis
1799 3556 1837 3616 et

505 3651 715 3728 animalium
732 3646 875 3722 suorum
889 3651 1122 3722 nutrimentis
1147 3673 1191 3722 ao
1207 3649 1288 3744 alijs
1303 3651 1447 3745 proprijs
1463 3649 1567 3724 bonis
1583 3649 1655 3726 suis
1672 3656 1838 3728 omnibus

505 3787 614 3860 quam
639 3764 686 3836 de
703 3762 872 3858 prodibis
890 3761 996 3834 terris
1021 3756 1086 3834 fibi
1113 3761 1159 3833 de
1175 3757 1307 3834 foresta
1328 3762 1418 3858 regis
1437 3760 1580 3834 eollatis
1595 3775 1635 3837 et
1651 3765 1837 3840 bominum

507 3880 544 3950 in
561 3872 695 3950 eisdem
713 3875 819 3946 terris
834 3895 900 3968 pro
924 3881 1091 3968 ternpore
1108 3874 1335 3946 manentium
1353 3872 1460 3946 libers
1481 3885 1522 3947 et
1540 3876 1666 3968 quiete
1682 3877 1838 3952 babeant

507 3999 547 4062 ot
578 3987 779 4083 percipiant
815 3985 853 4056 in
888 3994 1105 4079 perpetuum
1140 3982 1337 4058 seeundum
1368 3993 1526 4060 tenorem
1569 3989 1837 4086 priuilegiorum

507 4098 651 4174 suorum
667 4135 677 4155 ·
692 4095 762 4170 Jus
785 4095 898 4168 etiam
923 4092 1074 4171 eoeleste
1098 4095 1315 4193 parochialis
1338 4106 1377 4169 et
1398 4097 1615 4172 deeimarum
1640 4110 1681 4173 et
1705 4102 1840 4176 obuen-

507 4213 648 4285 tionum
666 4207 761 4302 quod
779 4216 819 4279 et
835 4203 944 4300 quale
960 4207 1098 4281 ditium
1115 4205 1371 4282 monasterium
1386 4209 1429 4282 de
1449 4207 1603 4284 Keleorr
1625 4225 1665 4286 et
1681 4211 1837 4288 eiusdem

507 4323 577 4396 loei
602 4319 712 4394 abbas
736 4330 776 4392 et
800 4327 1004 4394 eonuentus
1028 4319 1234 4396 babuerunt
1259 4320 1317 4394 sel
1343 4321 1467 4394 babere
1491 4333 1665 4417 poterunt
1693 4325 1732 4398 in
1760 4325 1840 4422 alija

507 4434 612 4508 terris
635 4427 793 4528 magistri
817 4439 858 4504 et
881 4429 1036 4504 fratrum
1060 4435 1302 4528 predibtorum
1321 4430 1450 4508 scilieet
1465 4435 1512 4508 de
1529 4433 1704 4534 Kineolsy
1720 4435 1840 4511 lister·

506 4543 590 4621 tulli
604 4555 644 4618 et
660 4543 707 4617 de
724 4543 877 4638 rtraque
893 4539 1090 4640 Deliburry
1106 4543 1387 4641 appropriabant
1400 4554 1437 4620 et
1452 4541 1727 4624 consolidabant
1742 4549 1837 4624 idern
