4612 5964
541 767 644 863 na]
1009 775 1420 852 Assunnonunsu.
1848 787 1895 856 59

541 967 627 1038 dato
645 977 683 1038 et
700 966 870 1044 consensu
888 974 974 1046 dieti
999 975 1137 1046 domini
1161 976 1290 1048 decani
1316 969 1611 1066 singulorumque
1637 975 1893 1043 canonicorum

538 1075 856 1175 suprascriptorum
871 1083 1025 1180 sigillum
1043 1109 1239 1158 commune
1256 1083 1405 1176 capituli
1426 1081 1580 1174 presenti
1600 1081 1745 1174 publico
1763 1079 1894 1153 instru-

538 1199 664 1262 mento
682 1189 734 1263 est
750 1194 947 1287 appensum
965 1235 973 1252 ·
991 1197 1087 1268 Aeta
1104 1197 1254 1266 suerunt
1271 1195 1339 1264 bec
1357 1195 1392 1262 in
1413 1192 1574 1284 capitulo
1592 1189 1741 1263 ecelesrc
1767 1194 1893 1265 cutbe-

537 1301 646 1374 dralie
663 1302 932 1379 Aberdonensrs
949 1331 1044 1379 anno
1063 1305 1264 1377 indictione
1290 1303 1506 1395 pontificatu
1525 1313 1565 1374 et
1583 1303 1641 1373 die
1660 1305 1861 1396 prenotatis
1880 1345 1888 1362 ·

535 1408 641 1485 Teste
658 1417 816 1512 capitulo
835 1459 843 1476 ·

863 1529 912 1600 Et
932 1528 1009 1621 Ego
1027 1526 1214 1596 Jobannes
1233 1524 1278 1593 de
1297 1520 1454 1594 Corlhill
1473 1537 1532 1597 eto
1551 1565 1559 1581 ·

534 1860 735 1936 ludentum
752 1864 847 1933 inter
864 1857 1070 1952 episcopum
1089 1867 1128 1930 et
1145 1857 1348 1951 capitulum
1368 1897 1376 1914 ·

535 2061 588 2158 In
607 2085 752 2157 nemine
771 2082 918 2153 Domini
937 2079 1059 2151 Amen
1078 2121 1086 2137 ·
1108 2079 1180 2151 Per
1196 2080 1265 2151 boe
1283 2077 1428 2173 presens
1453 2082 1639 2175 publicum
1666 2078 1884 2155 instmmen-

531 2208 610 2268 tum
641 2196 778 2270 cuneis
795 2201 917 2285 pateat
935 2192 1127 2262 euidenter
1144 2192 1246 2284 quod¹
1259 2215 1356 2263 anno
1373 2193 1419 2264 ab
1438 2194 1686 2266 incarnatione
1718 2192 1881 2268 eiusdem

530 2304 720 2378 millesimo
745 2299 997 2374 trecentesimo
1023 2299 1242 2396 sexagesimo
1264 2299 1367 2374 sexto
1394 2304 1589 2376 indictione
1606 2317 1735 2397 quarte
1761 2309 1883 2398 ponti·

529 2419 658 2490 flentur
675 2409 876 2486 sannitbni
897 2415 934 2484 iu
953 2409 1095 2484 Christo
1113 2413 1226 2506 patrie
1243 2422 1282 2484 ct
1299 2414 1436 2485 domini
1456 2413 1565 2486 nostri
1580 2415 1716 2486 dourini
1737 2416 1879 2489 Vrbani

528 2531 652 2602 diuina
677 2525 908 2620 prouideneiu
925 2547 1017 2618 pape
1043 2526 1162 2616 quinti
1188 2545 1286 2594 anuo
1312 2537 1441 2616 quarto
1465 2526 1525 2596 die
1551 2524 1720 2620 vigesima
1746 2525 1880 2600 mensis

526 2639 630 2734 Junij
647 2641 684 2709 in
710 2637 783 2708 mei
809 2637 938 2706 notarii
956 2635 1093 2728 publici
1119 2644 1159 2706 et
1184 2630 1333 2705 testium
1360 2633 1667 2728 infrascriptomm
1693 2635 1880 2729 presencia

526 2751 619 2822 sabla
644 2749 713 2820 fuit
738 2744 882 2842 presens
908 2747 1089 2816 ordinacio
1113 2740 1189 2814 siue
1215 2742 1431 2836 composicio
1457 2748 1555 2816 iuter
1573 2748 1816 2818 venerabilem
1841 2753 1877 2820 in

524 2857 667 2934 Christo
697 2870 837 2953 pattena
867 2881 910 2929 uc
935 2859 1122 2928 dominum
1153 2856 1343 2926 dominum
1371 2854 1625 2928 Alexandrum
1654 2857 1724 2928 Dei
1758 2864 1879 2954 gratia

524 2971 728 3065 episcopum
749 2964 1043 3042 Aberdenensem
1062 2991 1109 3040 ex
1127 2976 1232 3060 purte
1250 2989 1322 3037 rna
1347 2976 1386 3037 et
1406 2967 1628 3038 venerabiles
1646 2981 1685 3040 et
1702 2967 1878 3043 discretor

525 3087 618 3156 viros
631 3084 808 3155 decanum
821 3093 859 3152 et
873 3079 1072 3172 capitulum
1087 3075 1239 3150 ecclesie
1257 3075 1527 3148 Aberdouensrs
1547 3101 1593 3148 ex
1610 3079 1726 3151 altera
1738 3085 1877 3155 vocatia

522 3196 567 3266 ad
595 3193 663 3266 boc
679 3204 718 3264 et
739 3192 918 3285 legittime
944 3191 1067 3262 citatis
1093 3184 1242 3283 singulis
1267 3190 1451 3260 canonicis
1476 3189 1561 3260 diat
1587 3190 1738 3283 capituli
1766 3206 1876 3285 prout

522 3308 631 3379 morie
669 3299 723 3375 cst
756 3302 925 3374 videlicet
964 3297 1189 3372 considerata
1227 3310 1267 3371 et
1300 3299 1497 3395 diligenter
1534 3311 1678 3372 attenta
1713 3305 1874 3377 utilitate

520 3411 670 3490 ecclesie
687 3411 905 3507 predictum
922 3413 1200 3484 continuatione
1219 3411 1354 3482 fabrice
1371 3408 1532 3481 eiusdem
1560 3412 1741 3504 predictus
1759 3415 1876 3486 domi·

521 3549 589 3600 uua
618 3523 802 3620 episcopus
831 3521 959 3617 sponte
986 3532 1026 3594 et
1056 3545 1100 3592 ex
1134 3543 1234 3591 mem
1264 3519 1327 3592 sua
1358 3520 1578 3592 libemlitate
1608 3535 1646 3592 et
1676 3524 1874 3598 deuotione

519 3661 646 3711 omnes
668 3634 841 3708 secundas
866 3635 1024 3708 decimus
1050 3629 1278 3725 episcopatus
1295 3631 1347 3701 sui
1366 3645 1404 3703 et
1426 3632 1512 3703 alibi
1535 3634 1738 3726 ubieunque
1764 3635 1874 3708 exili·

518 3761 624 3823 enter
641 3769 766 3818 omncs
782 3754 821 3817 ot
839 3741 995 3839 singulos
1012 3743 1177 3814 redditus
1195 3755 1396 3835 prouentus
1409 3755 1446 3814 et
1463 3744 1703 3817 obuentiones
1720 3746 1873 3820 ecclesie

518 3860 617 3933 beuti
644 3857 813 3931 Niclrolai
843 3856 888 3928 de
913 3855 1088 3927 Aberdon
1115 3864 1272 3945 excepta
1298 3851 1448 3946 piscarie
1475 3853 1635 3925 eiusdem
1663 3879 1806 3930 necnon
1833 3875 1872 3932 et

516 3973 640 4044 exitus
657 3964 886 4062 quoscunque
903 3989 950 4039 ex
972 3964 1216 4036 iuril'dittione
1242 3959 1305 4034 sua
1321 3986 1363 4034 ac
1381 3974 1582 4058 prouentus
1602 3971 1874 4059 quomodocun-

517 4105 588 4176 que
613 4081 869 4174 prouenientce
892 4101 939 4150 ex
965 4077 1093 4148 eadem
1118 4074 1165 4146 nd
1191 4071 1392 4167 predictam
1418 4076 1590 4148 fabricam
1617 4083 1871 4172 exequendam

516 4204 556 4266 et
572 4190 823 4285 complendam
847 4183 1018 4262 concessit
1035 4211 1077 4259 ue
1095 4188 1218 4257 animo
1236 4185 1437 4258 deliberato
1460 4190 1497 4258 in
1519 4189 1674 4260 eandem
1696 4191 1870 4264 fabricam

515 4300 780 4378 conuertendas
807 4297 999 4395 allignauit
1027 4337 1036 4356 ·
1064 4298 1227 4388 dictique
1256 4294 1416 4368 decanus
1441 4307 1480 4369 et
1509 4299 1711 4391 capitulum
1742 4305 1871 4375 maiori

514 4427 555 4489 et
571 4413 699 4488 saniori
717 4423 820 4507 purte
837 4410 997 4484 eiusdem
1015 4407 1254 4504 personaliter
1276 4407 1411 4480 ibidem
1430 4422 1469 4480 ct
1486 4411 1755 4504 particulariter
1771 4437 1872 4487 eom·

513 4535 664 4622 parente
693 4521 822 4618 sponte
845 4522 1123 4614 voluntarieque
1150 4517 1404 4592 consentiente
1432 4531 1578 4593 attenta
1602 4522 1801 4597 deuotione
1830 4541 1871 4600 et

514 4637 663 4734 predicti
688 4635 825 4708 domini
842 4634 895 4706 sui
912 4629 1070 4729 episcopi
1097 4629 1321 4704 liberalitate
1347 4631 1539 4726 magnifiee
1555 4632 1763 4706 deuotionis
1788 4637 1870 4710 zelo
