4526 5954
507 651 580 718 230
1026 643 1331 720 REGISTRUM
1689 647 1839 742 [aucum

506 857 608 938 parte
649 847 718 920 vici
752 845 912 920 eiusdem
946 848 1042 919 iuter
1074 854 1207 915 terram
1243 838 1422 910 Willelmi
1457 837 1552 933 Myll
1585 864 1633 914 ex
1672 847 1837 920 orientali

507 967 545 1028 et
562 966 695 1031 terram
713 957 866 1032 Henrici
892 957 1027 1030 llorbes
1043 978 1091 1026 ex
1108 947 1323 1024 occidentali
1348 989 1356 1005 ·
1384 948 1433 1020 Et
1458 973 1568 1022 vuum
1584 977 1743 1027 annuum
1760 959 1839 1030 red·

507 1068 623 1140 ditum
652 1070 677 1165 ij
708 1071 738 1143 5.
769 1070 815 1142 de
848 1069 921 1142 illis
952 1066 1090 1140 duabus
1122 1062 1308 1155 perticatia
1340 1072 1514 1133 terrarum
1547 1061 1694 1137 Andree
1726 1066 1839 1162 Kelly

504 1181 704 1254 iacentibus
730 1182 823 1254 infra
848 1180 983 1253 ditium
1006 1179 1160 1270 burgum
1185 1172 1231 1244 de
1248 1170 1385 1245 Kiutor
1410 1183 1559 1266 quarum
1583 1197 1651 1248 rua
1668 1178 1761 1251 iacet
1790 1203 1837 1252 ex

506 1289 650 1365 australi
676 1301 781 1390 parte
809 1292 898 1364 dicti
931 1289 1036 1382 burgi
1063 1287 1159 1357 inter
1187 1293 1322 1358 terram
1350 1282 1535 1379 hospitalis
1563 1283 1672 1358 sanci
1701 1287 1837 1362 'l'home

507 1406 663 1477 martiris
693 1405 740 1476 de
767 1401 955 1476 Abirdcue
982 1422 1029 1470 cx
1056 1395 1222 1469 orientali
1252 1404 1291 1468 et
1321 1406 1433 1470 terras
1459 1396 1630 1469 heredum
1656 1401 1836 1492 quondam

507 1511 665 1610 Fergulij
684 1509 879 1606 Philpsoue
893 1533 939 1583 ex
958 1506 1173 1580 occidentali
1200 1548 1208 1564 ·
1227 1518 1267 1581 et
1284 1507 1399 1581 altera
1414 1509 1508 1580 iacet
1524 1532 1569 1580 ex
1587 1509 1711 1582 eadem
1735 1523 1836 1604 parte

506 1622 662 1697 eiusdem
690 1623 794 1718 burgi
825 1625 921 1693 iuter
947 1630 1059 1692 terras
1086 1617 1265 1691 Johanuis
1281 1617 1392 1691 Kellc
1417 1641 1465 1690 ex
1488 1618 1650 1692 orientali
1668 1631 1707 1692 et
1723 1631 1836 1696 terras

504 1737 587 1807 diiii
620 1731 804 1828 hospitalis
837 1754 885 1803 ex
918 1729 1166 1803 occidentali·
1190 1728 1288 1803 Item
1321 1753 1432 1803 vnum
1465 1753 1624 1804 annuum
1656 1733 1835 1807 redditum

504 1870 554 1917 xx
580 1847 610 1917 ἓ.
631 1848 811 1919 iacentem
840 1843 935 1916 inira
963 1843 1118 1938 burgum
1141 1843 1187 1914 de
1215 1841 1403 1915 Abirdene
1423 1842 1470 1914 de
1494 1852 1590 1915 terro
1614 1844 1748 1916 domini
1770 1846 1835 1918 Jo-

503 1959 630 2028 hannis
657 1955 874 2029 Ruthirsurd
904 1953 1032 2026 militis
1054 1956 1093 2026 in
1115 1955 1196 2028 vico
1222 1950 1393 2048 superiori
1428 1951 1574 2029 ecclesie
1609 1980 1654 2029 ex
1690 1955 1832 2032 australi

502 2077 605 2163 parte
629 2063 788 2140 ciusdem
806 2067 877 2137 vici
903 2066 1000 2138 inter
1023 2077 1156 2139 terram
1181 2064 1361 2138 Rechardi
1378 2064 1513 2138 Wausc
1538 2090 1583 2139 ex
1607 2071 1771 2144 orientali
1795 2083 1834 2145 et

502 2190 700 2250 torrentem
726 2187 766 2250 et
794 2177 1036 2272 aqueduitum
1061 2178 1348 2250 molendinorum
1373 2175 1648 2252 descendentem
1672 2205 1719 2254 ex
1743 2186 1834 2258 occi-

502 2292 612 2362 dente
638 2301 677 2362 et
703 2300 838 2362 terram
863 2291 1044 2383 quondam
1069 2288 1207 2362 Thome
1232 2286 1386 2362 Cullane
1415 2287 1535 2362 versuo
1558 2287 1714 2364 austrum
1744 2336 1753 2352 ·
1784 2295 1834 2370 Et

501 2426 612 2474 vnum
635 2423 797 2475 annuum
823 2401 1005 2474 redditum
1039 2423 1091 2473 xx
1111 2401 1140 2473 ἔ.
1167 2401 1213 2472 de
1235 2411 1332 2473 terra
1355 2403 1534 2494 quondam
1559 2402 1734 2478 Johnunin
1751 2406 1834 2480 Col-

502 2512 613 2588 lisone
651 2516 794 2587 iacente
826 2515 866 2586 in
899 2513 995 2586 diito
1028 2512 1142 2608 burgo
1173 2512 1220 2585 de
1248 2510 1435 2585 Abirdene
1469 2514 1507 2583 in
1541 2514 1620 2584 rico
1653 2515 1836 2614 furcarum¹

500 2650 547 2700 ex
575 2625 742 2700 orientali
767 2635 872 2722 parte
897 2620 1057 2698 eiusdem
1080 2625 1150 2697 rici
1175 2625 1272 2696 inter
1295 2633 1427 2695 terram
1453 2624 1631 2715 quondam
1655 2623 1831 2702 Willelmi

500 2738 658 2833 Cantuly
675 2761 722 2811 ex
740 2747 845 2833 porte
869 2733 1015 2812 australi
1031 2746 1070 2808 et
1088 2733 1266 2809 Rechnrdi
1284 2733 1349 2806 Hil
1366 2757 1413 2806 ex
1430 2733 1555 2835 boriali
1571 2745 1610 2806 et
1626 2760 1832 2814 communes

499 2851 575 2922 viae
590 2849 707 2943 regine
722 2843 843 2920 versun
860 2847 979 2919 oricus
996 2855 1035 2918 et
1051 2846 1219 2920 occidens
1236 2884 1246 2902 ·
1263 2845 1315 2917 Et
1331 2867 1441 2916 vnum
1467 2869 1626 2919 annuum
1651 2849 1828 2924 redditum

499 2986 521 3034 x
551 2963 581 3032 ἓ.
607 2959 653 3032 de
678 2959 807 3032 eodem
838 2958 952 3054 burgo
976 2957 1021 3030 de
1043 2966 1256 3030 tenemento
1280 2958 1459 3050 quondam
1487 2955 1663 3032 Willelmi
1689 2961 1830 3037 Ander-

499 3073 583 3146 l'one
611 3073 650 3142 in
678 3071 756 3142 vico
790 3067 950 3142 inseriori
985 3063 1134 3141 ecclesie
1173 3092 1219 3140 ex
1259 3066 1403 3141 australi
1431 3081 1540 3165 'parte
1574 3069 1730 3146 eiusdem
1762 3079 1827 3149 vici

498 3189 594 3256 inter
619 3191 753 3255 terram
779 3179 961 3274 quondam
977 3179 1099 3252 Dauid
1117 3176 1291 3276 Symsoue
1316 3203 1361 3254 ex
1387 3181 1599 3255 occidentali
1616 3194 1655 3256 et
1671 3209 1829 3260 commu·

498 3320 583 3368 nem
600 3297 694 3368 viam
712 3293 848 3388 regiam
874 3314 921 3364 ex
946 3290 1112 3365 orientali
1138 3302 1176 3365 et
1201 3304 1400 3365 torrentem
1416 3316 1439 3367 a
1454 3295 1630 3368 conductu
1656 3297 1828 3372 molendi-

499 3430 626 3480 nomm
649 3403 928 3479 descendentem
947 3400 1067 3476 versun
1091 3402 1250 3478 austrum
1271 3415 1309 3477 et
1333 3428 1559 3479 communem
1581 3409 1673 3481 viam
1694 3415 1824 3507 regiain

498 3516 618 3592 versun
634 3519 791 3590 borium·

598 3630 699 3703 Nota
714 3629 812 3725 quod
828 3650 954 3702 omnes
970 3625 1155 3726 prescripti
1172 3631 1283 3704 annui
1299 3630 1460 3702 redditus
1485 3640 1658 3706 terrarum
1683 3631 1765 3709 sunt
1781 3639 1826 3710 de

595 3741 708 3814 sundo
732 3751 910 3814 terrarum
935 3739 1208 3837 prescriptamm
1233 3750 1341 3836 prout
1365 3741 1478 3816 lacius
1503 3753 1625 3836 pateat
1654 3747 1691 3817 in
1720 3753 1826 3823 cartic

596 3849 747 3949 desuper
761 3847 934 3926 confodis
948 3893 955 3910 ·

523 4173 677 4252 Reutale
693 4195 893 4248 annuorum
911 4171 1118 4247 reddituum
1134 4175 1394 4270 pertinentium
1409 4177 1513 4252 altari
1531 4177 1639 4254 unci
1652 4179 1800 4254 Andree

807 4285 846 4357 in
864 4280 1014 4358 ecclesia
1035 4284 1231 4360 cathedrali
1248 4285 1488 4362 Abirdonensr
1507 4336 1515 4352 ·

546 4399 592 4473 ln
608 4399 732 4495 primic
748 4397 787 4470 in
803 4397 953 4491 antiquo
969 4396 1015 4469 de
1032 4407 1242 4472 tenemento
1267 4395 1419 4474 Roberti
1434 4401 1597 4478 Blinseill
1622 4407 1762 4479 iacente
1784 4405 1822 4478 in

498 4513 556 4586 via
582 4507 686 4584 castri
719 4509 825 4606 burgi
854 4506 901 4582 dc
928 4508 1116 4582 Abirdenc
1144 4511 1240 4584 inter
1265 4521 1398 4586 terram
1428 4513 1604 4590 Willelmi
1635 4516 1746 4590 lintre
1774 4539 1821 4590 ex
