4612 5964
515 721 603 816 xa]
993 722 1408 798 ABERDONENSE.
1830 727 1875 800 69

514 921 647 991 dream
667 920 883 994 clodionem
898 923 1150 996 celebrandam
1166 919 1355 996 constituit
1371 929 1637 1014 procuratorem
1656 923 1866 990 canonicum

512 1031 608 1102 dicte
626 1027 777 1105 ecclesie
795 1044 834 1105 et
852 1036 889 1105 in
907 1036 1004 1109 dicta
1021 1030 1171 1107 ecclesia
1196 1030 1374 1105 residebat
1392 1031 1449 1101 vel
1476 1031 1607 1101 iudicio
1630 1027 1868 1102 resulencium

511 1137 666 1214 residere
700 1149 872 1239 proponit
905 1158 944 1219 et
979 1149 1038 1240 qui
1077 1142 1120 1217 sit
1155 1142 1374 1216 desoluendo
1410 1143 1569 1234 onusque
1603 1143 1866 1236 procurationis

511 1251 716 1327 huiusmodi
743 1279 808 1350 pro
827 1281 897 1328 vno
915 1281 1011 1330 anno
1028 1255 1236 1348 acceptabit
1254 1265 1293 1325 et
1311 1255 1371 1346 qui
1391 1254 1522 1326 habeat
1540 1252 1752 1347 respondere
1770 1256 1868 1347 capi·

512 1365 592 1437 tulo
612 1389 678 1461 pro
695 1370 866 1441 omnibus
889 1370 1027 1440 iuribus
1046 1367 1179 1438 debitis
1205 1368 1347 1437 ratione
1372 1365 1554 1458 prebende
1571 1363 1632 1438 sue
1649 1389 1761 1459 penes
1778 1365 1866 1438 sala·

510 1481 604 1550 rium
635 1480 906 1574 capellanorum
933 1481 1166 1551 diaconorum
1194 1487 1233 1548 et
1260 1474 1557 1548 subdiaconorum
1583 1501 1625 1548 ac
1650 1479 1863 1549 elericorum

509 1591 610 1663 chori
640 1616 683 1664 ac
712 1591 817 1666 aetus
846 1591 1064 1686 capitulares
1095 1597 1134 1660 et
1162 1588 1258 1682 qnod
1287 1589 1442 1680 quilibet
1469 1591 1662 1661 eanonicus
1692 1589 1863 1682 deinceps

508 1704 739 1797 reeipiendus
759 1714 956 1795 antequam
975 1703 1172 1794 recipiatur
1189 1711 1226 1770 et
1246 1701 1462 1771 admittatur
1480 1698 1592 1771 simile
1617 1702 1862 1772 iuramentum

508 1816 546 1885 in
571 1812 727 1908 speciale
748 1826 788 1886 et
811 1837 876 1906 per
898 1807 1101 1905 expressum
1127 1807 1265 1903 prestet
1290 1823 1329 1882 et
1355 1822 1622 1904 procuratorem
1651 1813 1758 1882 modo
1784 1836 1864 1906 pre-

508 1923 609 1996 misso
626 1921 825 1997 constituat
842 1926 904 2016 qui
922 1932 1091 2016 acceptet
1109 1944 1202 1993 onus
1219 1959 1228 1975 ·

506 2036 606 2108 Item
616 2046 794 2129 quantum
810 2035 855 2106 ad
869 2033 1024 2106 electum
1037 2035 1133 2125 quod
1152 2036 1248 2104 iuret
1261 2034 1355 2126 quod
1376 2056 1560 2126 nunquam
1579 2047 1680 2128 petet
1692 2032 1860 2107 ecclesias

505 2169 719 2219 communes
736 2170 806 2218 nee
828 2147 923 2218 bona
948 2147 1155 2218 eommunia
1181 2143 1235 2216 set
1261 2144 1374 2216 libere
1399 2148 1588 2238 permittet
1613 2149 1805 2220 canonicos
1822 2160 1860 2218 ct

505 2283 630 2330 eorum
658 2269 909 2352 procuratores
935 2258 981 2330 de
1008 2258 1185 2329 fructibus
1211 2279 1334 2330 carum
1362 2257 1474 2329 libere
1500 2256 1685 2352 disponere
1706 2271 1745 2331 et
1763 2263 1859 2352 qnod

505 2393 714 2464 nuneqnam
740 2381 844 2464 petet
860 2369 966 2464 snper
983 2371 1051 2442 lroc
1070 2373 1276 2440 iuramento
1301 2367 1562 2440 absolutionem
1581 2373 1691 2442 etiam
1711 2368 1737 2442 sr
1755 2383 1859 2443 motu

503 2486 649 2577 proprio
674 2482 897 2555 concedatur
923 2505 1129 2574 nuncquam
1150 2491 1276 2552 vtetur
1302 2489 1341 2552 et
1369 2480 1465 2573 quod
1492 2504 1563 2552 non
1590 2481 1728 2554 leuabit
1749 2481 1860 2555 subsi-

503 2594 605 2666 dium
623 2594 881 2688 deprehendis
899 2595 1155 2665 canonicorum
1172 2615 1241 2664 nec
1258 2590 1411 2685 desuper
1427 2602 1529 2684 petet
1544 2591 1805 2666 absolutionem
1823 2633 1833 2651 ·

503 2703 601 2777 ltem
620 2707 716 2777 iuret
735 2702 842 2776 simili
860 2707 967 2775 morlo
985 2705 1031 2774 de
1050 2703 1258 2796 preuilcgijs
1283 2704 1537 2774 canonicorum
1561 2705 1650 2774 insra
1668 2707 1857 2776 canoniam

502 2815 735 2888 obseruandis
769 2817 875 2886 iuxta
909 2827 1073 2887 tenorem
1109 2811 1329 2886 statutorum
1360 2826 1436 2885 tarn
1466 2816 1503 2884 in
1532 2815 1607 2885 soro
1635 2815 1856 2886 contensioso

501 2949 610 3018 quarn
630 2928 668 2998 in
687 2927 764 2996 soro
782 2929 903 2997 anime
921 2923 986 2996 nisr
1006 2929 1042 2996 in
1061 2937 1199 2997 euentu
1218 2923 1464 2996 deuolutionis
1481 2938 1518 2996 et
1537 2925 1787 3021 negligencic·

501 3037 600 3109 Item
623 3039 721 3131 quod
747 3039 844 3108 iuret
870 3038 1028 3109 fideliter
1052 3033 1229 3132 allignare
1253 3048 1450 3129 antequam
1475 3039 1570 3131 petit
1594 3039 1630 3109 sc
1656 3042 1765 3132 recipi
1792 3064 1858 3133 per

499 3149 703 3244 capitulum
721 3145 802 3242 post
820 3143 929 3242 ipsius
955 3149 1142 3220 erectionis
1168 3148 1482 3221 confirmationem
1500 3151 1661 3242 capitulo
1685 3165 1724 3222 et
1748 3176 1856 3223 cano-

500 3263 592 3332 nicis
621 3256 774 3333 ecclesie
804 3284 870 3353 pro
902 3261 1038 3332 fabrica
1072 3256 1224 3331 ecclesie
1254 3270 1402 3331 centum
1438 3258 1546 3331 libras
1575 3259 1721 3356 lingulis
1750 3267 1854 3335 annis

500 3373 675 3445 leuandae
693 3373 740 3443 de
757 3371 907 3464 piscaria
921 3372 967 3443 do
982 3371 1157 3443 Abcrden
1175 3370 1282 3464 super
1293 3393 1366 3463 qna
1383 3393 1454 3442 non
1473 3383 1574 3464 petet
1591 3372 1853 3460 absolutionem

497 3496 537 3554 vt
563 3483 670 3576 supra
694 3493 734 3554 et
760 3481 798 3554 se
825 3505 897 3553 non
926 3484 1149 3554 intromittet
1175 3485 1212 3552 in
1240 3481 1500 3576 temporalibus
1521 3497 1585 3555 aut
1606 3481 1851 3578 spiritualibus

498 3597 615 3666 donee
633 3589 801 3687 premissa
817 3593 1055 3687 compleuerit
1074 3634 1082 3650 ·

498 3705 596 3778 Item
614 3707 709 3778 iuret
725 3706 822 3798 quod
842 3707 1011 3776 ammodo
1029 3727 1236 3796 nuncquam
1255 3704 1394 3776 creabit
1411 3705 1567 3797 aliquem
1586 3709 1622 3778 in
1637 3715 1850 3784 carronieum

496 3819 594 3890 dicte
623 3813 776 3890 ecclesie
806 3813 873 3888 nisr
904 3816 1007 3887 illurn
1037 3819 1095 3888 eui
1127 3816 1317 3911 contingat
1346 3818 1510 3888 conferre
1544 3821 1763 3912 prebendam
1794 3825 1849 3896 vel

496 3931 716 4024 dignitatem
737 3941 952 4001 vacantem·

497 4041 570 4114 Dio
600 4043 745 4114 veneria
775 4043 917 4112 decimo
951 4041 1062 4111 tertio
1096 4035 1230 4111 mensis
1264 4037 1456 4134 supradicti
1491 4063 1616 4114 omnes
1649 4054 1687 4115 et
1722 4043 1850 4142 singuli

496 4154 635 4227 domini
666 4153 832 4226 canonici
862 4152 1054 4245 supraditti
1085 4151 1241 4243 quilibet
1271 4173 1419 4223 manum
1448 4153 1494 4224 ad
1528 4157 1652 4246 peltas
1682 4160 1850 4249 ponendo

495 4267 602 4338 tastis
614 4261 849 4337 saerosanctis
861 4263 1061 4358 euangelijc
1078 4265 1293 4336 iurauerunt
1304 4265 1427 4336 omnia
1443 4275 1482 4336 et
1500 4262 1640 4360 singula
1650 4265 1851 4362 supradicta

494 4374 758 4449 inuiolabiliter
782 4371 972 4447 obseruare
992 4385 1032 4446 et
1056 4386 1237 4467 quantum
1261 4377 1298 4448 in
1324 4377 1378 4448 eia
1400 4376 1472 4449 suit
1496 4375 1674 4452 obsemari
1702 4380 1846 4454 sacerc-

493 4483 664 4584 prescnte
681 4497 763 4559 toto
779 4485 941 4582 capitulo
958 4497 997 4560 et
1015 4510 1075 4560 ma
1092 4488 1236 4560 notario
1251 4487 1399 4582 publiea
1416 4527 1426 4546 ·
