4612 5964
436 731 480 794 48
959 719 1267 794 REGISTRUM
1629 729 1780 823 [secuti

433 933 636 995 ceterorum
656 926 870 996 vicariorum
890 960 898 977 ·
917 920 1014 993 Item
1041 917 1164 989 nullus
1183 919 1332 990 vionrins
1350 918 1545 994 seminent
1570 947 1636 996 nec
1653 949 1675 996 n
1691 927 1779 996 ciui·

434 1046 511 1107 tete
538 1037 685 1108 recedat
712 1059 777 1129 per
796 1057 904 1106 vnum
932 1033 1075 1104 nouem
1100 1051 1239 1102 moram
1256 1028 1337 1100 foris
1358 1029 1515 1102 rasurus
1542 1029 1605 1104 nisi
1631 1033 1780 1107 licencia

436 1149 550 1239 petita
566 1172 588 1218 u
606 1149 745 1219 deceno
763 1155 802 1218 et
820 1157 975 1240 optentu
994 1181 1002 1200 ·

880 1367 939 1440 De
957 1367 1085 1440 habitu
1104 1367 1313 1438 vicariorum
1333 1406 1342 1423 ·

437 1591 533 1664 Item
552 1601 738 1686 receptum
758 1589 812 1663 est
830 1602 869 1663 et
886 1591 1077 1683 probatum
1095 1591 1335 1661 communiter
1346 1589 1393 1661 de
1405 1587 1531 1659 habitu
1545 1589 1638 1679 quod
1654 1611 1777 1660 onrnes

437 1703 710 1795 frequentantes
735 1703 887 1774 eborum
905 1703 957 1772 vti
976 1701 1113 1772 debent
1138 1702 1262 1792 cuppis
1284 1701 1395 1795 nigris
1411 1709 1451 1771 et
1468 1695 1722 1792 superpellicijs
1739 1712 1777 1772 ct

436 1815 595 1886 maxime
608 1815 732 1906 vicnrij
750 1815 812 1905 qui
831 1806 1038 1882 ministrent
1055 1833 1120 1903 pro
1137 1811 1342 1882 canonicis·
1362 1810 1457 1882 Item
1475 1821 1597 1883 nutem
1616 1814 1778 1884 cononici

436 1923 506 1996 suis
528 1923 729 2018 sumptibus
755 1919 960 1994 huiusmodi
987 1922 1153 1992 linbitnm
1179 1921 1365 1992 inueniunt
1382 1932 1422 1992 vt
1448 1919 1521 2015 ipso
1547 1921 1671 1994 habitu
1699 1921 1780 1993 nus-

435 2058 542 2128 quum
569 2032 634 2107 nisi
652 2037 689 2106 in
708 2033 889 2126 obseqnijs
914 2031 1049 2102 diuinis
1075 2041 1113 2101 ct
1134 2026 1376 2103 ecciesiasticis
1401 2028 1475 2104 stuc
1491 2033 1538 2103 de
1560 2033 1619 2105 die
1636 2028 1710 2106 srue
1732 2035 1777 2106 de

434 2147 539 2216 noste
557 2147 609 2215 vti
636 2142 845 2237 presumunt
863 2181 872 2200 ·
891 2140 966 2214 Sed
992 2163 1075 2212 cnm
1094 2135 1279 2212 ecclesium
1304 2139 1428 2236 egreffi
1452 2144 1587 2214 suerint
1612 2147 1777 2237 perfedtis

434 2255 566 2326 debitis
585 2251 793 2346 ministerijs
810 2245 1058 2324 ecciesiasticis
1071 2263 1110 2322 ct
1129 2248 1165 2322 se
1181 2252 1219 2322 in
1238 2247 1399 2346 hospicijs
1417 2253 1486 2326 ibis
1504 2257 1695 2348 recipcrint
1712 2254 1775 2330 nist

436 2362 509 2437 sinc
535 2388 636 2436 mom
659 2367 791 2436 iterum
812 2385 876 2456 pro
893 2357 1101 2454 ministerijs
1126 2356 1275 2433 ecclesie
1298 2363 1433 2434 fuerint
1449 2365 1493 2436 nd
1512 2360 1696 2438 ccclesmm
1723 2391 1776 2439 rc·

107 2490 412 2560 centonomium
436 2477 571 2550 uersuti
595 2476 759 2549 hobitum
780 2473 1022 2568 supradidtum
1041 2482 1225 2544 exuuntur
1242 2511 1251 2529 ·
1269 2475 1303 2544 iu
1320 2473 1400 2546 loco
1420 2477 1556 2548 mundo
1573 2487 1611 2548 et
1627 2475 1777 2550 honesto

108 3381 236 3451 nursini

107 3597 296 3666 fflouptatut

106 3825 241 3888 turrim
253 3825 344 3880 denti

435 2599 611 2684 reponent
625 2628 633 2646 ·
648 2588 716 2660 boc
734 2585 983 2658 moderamine
1001 2583 1147 2655 hubitus
1164 2584 1279 2656 cultui
1291 2585 1416 2656 diuino
1428 2585 1569 2658 dicetne
1582 2587 1627 2658 nb
1641 2588 1776 2661 illicitis

435 2696 553 2772 usibus
578 2711 617 2772 ct
640 2697 792 2771 sordidis
818 2696 992 2768 immunis
1017 2692 1181 2768 seruetur
1205 2709 1243 2767 et
1269 2699 1421 2770 mundns
1439 2738 1448 2756 ·
1466 2701 1527 2790 qui
1554 2712 1678 2772 contro
1709 2702 1775 2772 boc

434 2813 559 2883 fecerit
577 2813 613 2882 in
629 2808 790 2904 capitulo
809 2807 1006 2880 secundum
1024 2809 1214 2878 arbitrium
1228 2807 1349 2880 deceni
1364 2820 1403 2882 et
1415 2811 1564 2904 capituli
1583 2813 1773 2906 punietur·

724 3031 781 3100 De
800 3028 941 3100 clericis
959 3049 1023 3122 per
1039 3028 1217 3100 decenum
1238 3031 1460 3103 iuuenicndis
1478 3071 1487 3090 ·

433 3256 603 3329 l’rctcren
631 3253 832 3326 ordinando
857 3252 1029 3324 duximus
1060 3247 1289 3322 statuendum
1318 3253 1412 3344 quod
1443 3254 1600 3326 decenus
1630 3259 1689 3348 qui
1721 3257 1772 3328 cst

432 3361 712 3439 maurecenos
730 3364 777 3436 de
796 3362 967 3456 Kyrkton
992 3362 1125 3434 liabent
1142 3364 1233 3433 duos
1250 3364 1449 3456 cupeilnnos
1475 3367 1641 3459 parochie
1658 3367 1774 3440 deser-

431 3481 573 3551 uientes
586 3499 697 3548 unum
717 3470 869 3548 ecciefle
883 3473 929 3546 de
944 3473 1114 3568 Kyrkton
1134 3473 1353 3566 purocbicnis
1369 3475 1494 3548 dininn
1511 3475 1771 3550 ministrantem

431 3601 535 3661 extra
553 3589 701 3660 eborum
721 3609 806 3658 cum
824 3585 957 3656 clerico
974 3599 1014 3656 et
1030 3585 1142 3656 ulium
1161 3587 1198 3656 in
1216 3585 1350 3679 cnpeliu
1367 3587 1413 3658 de
1431 3586 1661 3682 Monycubok
1688 3614 1770 3662 cum

429 3700 561 3774 clerico
590 3701 651 3793 qui
686 3697 914 3792 parochianis
947 3696 1084 3768 ibidem
1114 3697 1241 3769 diuina
1272 3694 1485 3771 ministrabit
1516 3741 1525 3760 ·
1557 3699 1651 3772 item
1682 3702 1771 3773 riuos

429 3811 590 3886 faeritas
613 3810 765 3883 elericos
794 3803 1014 3880 t'ustcntebit
1045 3808 1082 3878 in
1113 3803 1264 3880 ccclciie
1286 3807 1480 3882 cathedrali
1506 3813 1567 3904 qui
1595 3834 1663 3885 sne
1687 3835 1770 3886 cum

429 3923 615 4016 capellano
633 3921 803 4016 parochie
820 3919 867 3992 dc
886 3917 1058 4014 Kyrkton
1077 3921 1227 3992 eborum
1245 3917 1441 3993 indecenti
1463 3921 1589 3994 babitu
1607 3924 1772 4016 frequen·

430 4035 561 4106 tnbnnt
585 4031 755 4106 candens
778 4042 818 4103 et
840 4051 966 4104 cereos
990 4031 1234 4102 accendentes
1257 4039 1294 4102 et
1317 4031 1364 4102 de
1389 4033 1473 4126 igue
1493 4033 1595 4106 etde
1614 4057 1707 4128 cqun
1732 4039 1768 4108 in

428 4141 577 4218 eeclciie
593 4141 841 4240 prouidebunt
858 4180 867 4198 ·
885 4141 1095 4214 omnimodo
1112 4140 1351 4214 iurisdictione
1368 4143 1404 4215 in
1422 4145 1591 4236 parochie
1612 4147 1771 4240 preditis

427 4253 593 4350 episcopo
609 4252 791 4328 reseruata
809 4295 818 4314 ·
835 4253 949 4324 ceteri
967 4273 1053 4324 vcro
1070 4254 1234 4326 canonici
1252 4273 1372 4325 omnes
1388 4255 1541 4328 mciorcs
1557 4266 1597 4329 et
1612 4261 1768 4332 minores

426 4363 586 4459 ‹cclcsrjs
602 4365 673 4438 suis
694 4387 760 4460 per
775 4363 937 4460 ydoneos
953 4363 1161 4458 capellanos
1177 4375 1217 4438 et
1233 4361 1378 4438 clericos
1402 4377 1575 4440 tenentur
1591 4368 1769 4443 desereire

426 4476 704 4572 prebendniibns
737 4471 948 4546 omnimode
979 4473 1223 4549 iurisdictione
1252 4477 1287 4548 iu
1314 4476 1482 4550 omuibus
1511 4475 1667 4574 eccletijs
1697 4481 1767 4552 suis

425 4585 591 4684 episcopo
607 4600 646 4662 et
663 4585 919 4662 archidiccono
936 4583 1144 4662 rescructn·
