<?xml version="1.0" encoding="UTF-8"?>
<!DOCTYPE html PUBLIC "-//W3C//DTD XHTML 1.0 Transitional//EN"
    "http://www.w3.org/TR/xhtml1/DTD/xhtml1-transitional.dtd">
<html xmlns="http://www.w3.org/1999/xhtml" xml:lang="en" lang="en">
 <head>
  <title>
</title>
<meta http-equiv="Content-Type" content="text/html;charset=utf-8" />
  <meta name='ocr-system' content='tesseract 3.04.00' />
  <meta name='ocr-capabilities' content='ocr_page ocr_carea ocr_par ocr_line ocrx_word'/>
</head>
<body>
  <div class='ocr_page' id='page_1' title='image "./registrumepisco00innegoog_0164.png"; bbox 0 0 4612 5964; ppageno 0'>
   <div class='ocr_carea' id='block_1_1' title="bbox 474 723 1820 817">
    <p class='ocr_par' dir='ltr' id='par_1_1' title="bbox 474 723 1820 817">
     <span class='ocr_line' id='line_1_1' title="bbox 474 723 1820 817; baseline 0.01 -22"><span class='ocrx_word' id='word_1_1' title='bbox 474 723 574 817; x_wconf 69' lang='lat' dir='ltr'><strong>m]</strong></span> <span class='ocrx_word' id='word_1_2' title='bbox 942 729 1347 805; x_wconf 73' lang='lat' dir='ltr'><strong>Asnnnonnn&#39;ss.</strong></span> <span class='ocrx_word' id='word_1_3' title='bbox 1751 742 1820 811; x_wconf 77' lang='lat'><strong>107</strong></span> 
     </span>
    </p>
   </div>
   <div class='ocr_carea' id='block_1_2' title="bbox 466 919 1817 1922">
    <p class='ocr_par' dir='ltr' id='par_1_2' title="bbox 466 919 1817 1922">
     <span class='ocr_line' id='line_1_2' title="bbox 473 919 1817 1024; baseline 0.006 -32"><span class='ocrx_word' id='word_1_4' title='bbox 473 919 681 996; x_wconf 78' lang='lat' dir='ltr'><strong>necessitate</strong></span> <span class='ocrx_word' id='word_1_5' title='bbox 698 939 848 1024; x_wconf 82' lang='lat' dir='ltr'>cogetur</span> <span class='ocrx_word' id='word_1_6' title='bbox 865 940 904 1002; x_wconf 93' lang='lat' dir='ltr'><strong>et</strong></span> <span class='ocrx_word' id='word_1_7' title='bbox 921 940 1011 1004; x_wconf 90' lang='lat' dir='ltr'><strong>tuno</strong></span> <span class='ocrx_word' id='word_1_8' title='bbox 1036 933 1155 1024; x_wconf 84' lang='lat' dir='ltr'><strong>petito</strong></span> <span class='ocrx_word' id='word_1_9' title='bbox 1172 941 1211 1002; x_wconf 89' lang='lat' dir='ltr'><strong>et</strong></span> <span class='ocrx_word' id='word_1_10' title='bbox 1229 932 1380 1001; x_wconf 85' lang='lat' dir='ltr'><strong>obtenta</strong></span> <span class='ocrx_word' id='word_1_11' title='bbox 1408 929 1556 1002; x_wconf 85' lang='lat' dir='ltr'><strong>lieentia</strong></span> <span class='ocrx_word' id='word_1_12' title='bbox 1572 954 1595 1001; x_wconf 86' lang='lat' dir='ltr'><strong>o</strong></span> <span class='ocrx_word' id='word_1_13' title='bbox 1611 924 1817 1024; x_wconf 80' lang='lat' dir='ltr'><strong>presidente</strong></span> 
     </span>
     <span class='ocr_line' id='line_1_3' title="bbox 472 1035 1814 1115; baseline 0.003 -10"><span class='ocrx_word' id='word_1_14' title='bbox 472 1037 569 1106; x_wconf 86' lang='lat' dir='ltr'><strong>olrori</strong></span> <span class='ocrx_word' id='word_1_15' title='bbox 596 1035 730 1112; x_wconf 83' lang='lat' dir='ltr'><strong>scilicet</strong></span> <span class='ocrx_word' id='word_1_16' title='bbox 747 1043 884 1115; x_wconf 84' lang='lat' dir='ltr'><strong>decano</strong></span> <span class='ocrx_word' id='word_1_17' title='bbox 903 1051 967 1115; x_wconf 82' lang='lat' dir='ltr'><strong>aut</strong></span> <span class='ocrx_word' id='word_1_18' title='bbox 985 1053 1133 1115; x_wconf 82' lang='lat' dir='ltr'><strong>cantore</strong></span> <span class='ocrx_word' id='word_1_19' title='bbox 1157 1053 1196 1114; x_wconf 90' lang='lat' dir='ltr'><strong>et</strong></span> <span class='ocrx_word' id='word_1_20' title='bbox 1213 1044 1250 1113; x_wconf 90' lang='lat' dir='ltr'><strong>in</strong></span> <span class='ocrx_word' id='word_1_21' title='bbox 1269 1037 1432 1111; x_wconf 84' lang='lat' dir='ltr'><strong>absentia</strong></span> <span class='ocrx_word' id='word_1_22' title='bbox 1457 1062 1584 1112; x_wconf 90' lang='lat' dir='ltr'><strong>eorum</strong></span> <span class='ocrx_word' id='word_1_23' title='bbox 1602 1065 1624 1114; x_wconf 83' lang='lat' dir='ltr'><strong>e</strong></span> <span class='ocrx_word' id='word_1_24' title='bbox 1641 1042 1814 1112; x_wconf 85' lang='lat' dir='ltr'><strong>corronioo</strong></span> 
     </span>
     <span class='ocr_line' id='line_1_4' title="bbox 471 1145 1814 1249; baseline 0.003 -31"><span class='ocrx_word' id='word_1_25' title='bbox 471 1145 607 1222; x_wconf 88' lang='lat' dir='ltr'><strong>seniore</strong></span> <span class='ocrx_word' id='word_1_26' title='bbox 632 1151 863 1228; x_wconf 77' lang='lat' dir='ltr'><strong>interessente</strong></span> <span class='ocrx_word' id='word_1_27' title='bbox 888 1179 952 1249; x_wconf 93' lang='lat' dir='ltr'><strong>pro</strong></span> <span class='ocrx_word' id='word_1_28' title='bbox 980 1166 1068 1227; x_wconf 87' lang='lat' dir='ltr'><strong>tuno</strong></span> <span class='ocrx_word' id='word_1_29' title='bbox 1087 1165 1125 1228; x_wconf 90' lang='lat' dir='ltr'><strong>et</strong></span> <span class='ocrx_word' id='word_1_30' title='bbox 1142 1157 1178 1225; x_wconf 93' lang='lat' dir='ltr'><strong>in</strong></span> <span class='ocrx_word' id='word_1_31' title='bbox 1197 1151 1360 1226; x_wconf 80' lang='lat' dir='ltr'><strong>absentia</strong></span> <span class='ocrx_word' id='word_1_32' title='bbox 1386 1153 1550 1224; x_wconf 84' lang='lat' dir='ltr'><strong>canonici</strong></span> <span class='ocrx_word' id='word_1_33' title='bbox 1573 1153 1619 1225; x_wconf 85' lang='lat' dir='ltr'><strong>ab</strong></span> <span class='ocrx_word' id='word_1_34' title='bbox 1646 1153 1814 1224; x_wconf 85' lang='lat' dir='ltr'><strong>ebdoma-</strong></span> 
     </span>
     <span class='ocr_line' id='line_1_5' title="bbox 470 1261 1812 1358; baseline 0.003 -26"><span class='ocrx_word' id='word_1_35' title='bbox 470 1262 569 1334; x_wconf 82' lang='lat' dir='ltr'><strong>dario</strong></span> <span class='ocrx_word' id='word_1_36' title='bbox 595 1261 659 1336; x_wconf 85' lang='lat' dir='ltr'><strong>nisr</strong></span> <span class='ocrx_word' id='word_1_37' title='bbox 686 1265 779 1339; x_wconf 85' lang='lat' dir='ltr'><strong>sorte</strong></span> <span class='ocrx_word' id='word_1_38' title='bbox 808 1269 847 1338; x_wconf 92' lang='lat' dir='ltr'><strong>in</strong></span> <span class='ocrx_word' id='word_1_39' title='bbox 878 1262 979 1338; x_wconf 83' lang='lat' dir='ltr'><strong>misso</strong></span> <span class='ocrx_word' id='word_1_40' title='bbox 1008 1269 1046 1336; x_wconf 94' lang='lat' dir='ltr'><strong>in</strong></span> <span class='ocrx_word' id='word_1_41' title='bbox 1076 1289 1147 1358; x_wconf 90' lang='lat' dir='ltr'><strong>quo</strong></span> <span class='ocrx_word' id='word_1_42' title='bbox 1177 1264 1260 1337; x_wconf 84' lang='lat' dir='ltr'><strong>oasu</strong></span> <span class='ocrx_word' id='word_1_43' title='bbox 1287 1276 1376 1335; x_wconf 89' lang='lat' dir='ltr'><strong>tuno</strong></span> <span class='ocrx_word' id='word_1_44' title='bbox 1406 1288 1428 1335; x_wconf 83' lang='lat' dir='ltr'><strong>a</strong></span> <span class='ocrx_word' id='word_1_45' title='bbox 1458 1275 1606 1337; x_wconf 83' lang='lat' dir='ltr'><strong>cantore</strong></span> <span class='ocrx_word' id='word_1_46' title='bbox 1636 1265 1736 1337; x_wconf 84' lang='lat' dir='ltr'><strong>elrori</strong></span> <span class='ocrx_word' id='word_1_47' title='bbox 1766 1288 1812 1337; x_wconf 88' lang='lat' dir='ltr'><strong>ex</strong></span> 
     </span>
     <span class='ocr_line' id='line_1_6' title="bbox 469 1372 1812 1471; baseline -0.001 -24"><span class='ocrx_word' id='word_1_48' title='bbox 469 1385 571 1469; x_wconf 85' lang='lat' dir='ltr'><strong>parte</strong></span> <span class='ocrx_word' id='word_1_49' title='bbox 589 1377 651 1450; x_wconf 86' lang='lat' dir='ltr'><strong>iiia</strong></span> <span class='ocrx_word' id='word_1_50' title='bbox 677 1380 713 1449; x_wconf 93' lang='lat' dir='ltr'><strong>in</strong></span> <span class='ocrx_word' id='word_1_51' title='bbox 739 1402 811 1471; x_wconf 86' lang='lat' dir='ltr'><strong>quo</strong></span> <span class='ocrx_word' id='word_1_52' title='bbox 835 1375 889 1449; x_wconf 91' lang='lat' dir='ltr'><strong>est</strong></span> <span class='ocrx_word' id='word_1_53' title='bbox 907 1377 1183 1449; x_wconf 77' lang='lat' dir='ltr'><strong>ebdomadarius</strong></span> <span class='ocrx_word' id='word_1_54' title='bbox 1203 1386 1242 1446; x_wconf 90' lang='lat' dir='ltr'><strong>vt</strong></span> <span class='ocrx_word' id='word_1_55' title='bbox 1259 1372 1365 1469; x_wconf 84' lang='lat' dir='ltr'><strong>supro</strong></span> <span class='ocrx_word' id='word_1_56' title='bbox 1382 1376 1506 1447; x_wconf 79' lang='lat' dir='ltr'><strong>habito</strong></span> <span class='ocrx_word' id='word_1_57' title='bbox 1523 1373 1812 1449; x_wconf 68' lang='lat' dir='ltr'><strong>consideratione</strong></span> 
     </span>
     <span class='ocr_line' id='line_1_7' title="bbox 468 1486 1810 1562; baseline 0.001 -3"><span class='ocrx_word' id='word_1_58' title='bbox 468 1489 514 1560; x_wconf 86' lang='lat' dir='ltr'><strong>ad</strong></span> <span class='ocrx_word' id='word_1_59' title='bbox 540 1486 629 1562; x_wconf 82' lang='lat' dir='ltr'><strong>festa</strong></span> <span class='ocrx_word' id='word_1_60' title='bbox 654 1492 789 1561; x_wconf 86' lang='lat' dir='ltr'><strong>moioro</strong></span> <span class='ocrx_word' id='word_1_61' title='bbox 805 1491 946 1560; x_wconf 80' lang='lat' dir='ltr'><strong>minora</strong></span> <span class='ocrx_word' id='word_1_62' title='bbox 972 1497 1011 1559; x_wconf 88' lang='lat' dir='ltr'><strong>et</strong></span> <span class='ocrx_word' id='word_1_63' title='bbox 1036 1489 1114 1560; x_wconf 87' lang='lat' dir='ltr'><strong>dies</strong></span> <span class='ocrx_word' id='word_1_64' title='bbox 1141 1487 1283 1560; x_wconf 85' lang='lat' dir='ltr'><strong>feriales</strong></span> <span class='ocrx_word' id='word_1_65' title='bbox 1311 1527 1319 1543; x_wconf 94' lang='lat'><strong>·</strong></span> <span class='ocrx_word' id='word_1_66' title='bbox 1349 1487 1447 1559; x_wconf 88' lang='lat' dir='ltr'><strong>Item</strong></span> <span class='ocrx_word' id='word_1_67' title='bbox 1473 1510 1600 1561; x_wconf 88' lang='lat' dir='ltr'><strong>omnes</strong></span> <span class='ocrx_word' id='word_1_68' title='bbox 1630 1491 1810 1560; x_wconf 82' lang='lat' dir='ltr'><strong>intrantes</strong></span> 
     </span>
     <span class='ocr_line' id='line_1_8' title="bbox 468 1596 1810 1691; baseline 0 -19"><span class='ocrx_word' id='word_1_69' title='bbox 468 1613 507 1672; x_wconf 89' lang='lat' dir='ltr'><strong>et</strong></span> <span class='ocrx_word' id='word_1_70' title='bbox 536 1613 712 1674; x_wconf 85' lang='lat' dir='ltr'><strong>exeuntes</strong></span> <span class='ocrx_word' id='word_1_71' title='bbox 737 1602 885 1672; x_wconf 88' lang='lat' dir='ltr'><strong>chorum</strong></span> <span class='ocrx_word' id='word_1_72' title='bbox 912 1601 973 1691; x_wconf 90' lang='lat' dir='ltr'><strong>qui</strong></span> <span class='ocrx_word' id='word_1_73' title='bbox 1001 1601 1136 1672; x_wconf 90' lang='lat' dir='ltr'><strong>ibidem</strong></span> <span class='ocrx_word' id='word_1_74' title='bbox 1164 1596 1330 1672; x_wconf 85' lang='lat' dir='ltr'><strong>interesse</strong></span> <span class='ocrx_word' id='word_1_75' title='bbox 1356 1609 1531 1672; x_wconf 89' lang='lat' dir='ltr'><strong>tenentur</strong></span> <span class='ocrx_word' id='word_1_76' title='bbox 1554 1601 1810 1673; x_wconf 80' lang='lat' dir='ltr'><strong>inclinationes</strong></span> 
     </span>
     <span class='ocr_line' id='line_1_9' title="bbox 467 1708 1809 1807; baseline 0 -23"><span class='ocrx_word' id='word_1_77' title='bbox 467 1715 602 1786; x_wconf 82' lang='lat' dir='ltr'><strong>sacient</strong></span> <span class='ocrx_word' id='word_1_78' title='bbox 619 1715 759 1784; x_wconf 87' lang='lat' dir='ltr'><strong>debitos</strong></span> <span class='ocrx_word' id='word_1_79' title='bbox 786 1713 901 1803; x_wconf 90' lang='lat' dir='ltr'><strong>primo</strong></span> <span class='ocrx_word' id='word_1_80' title='bbox 918 1709 1025 1782; x_wconf 82' lang='lat' dir='ltr'><strong>nitori</strong></span> <span class='ocrx_word' id='word_1_81' title='bbox 1051 1709 1207 1783; x_wconf 88' lang='lat' dir='ltr'><strong>secundo</strong></span> <span class='ocrx_word' id='word_1_82' title='bbox 1234 1711 1399 1807; x_wconf 88' lang='lat' dir='ltr'><strong>episeopo</strong></span> <span class='ocrx_word' id='word_1_83' title='bbox 1417 1708 1445 1783; x_wconf 90' lang='lat' dir='ltr'><strong>s1</strong></span> <span class='ocrx_word' id='word_1_84' title='bbox 1461 1711 1607 1807; x_wconf 82' lang='lat' dir='ltr'><strong>presens</strong></span> <span class='ocrx_word' id='word_1_85' title='bbox 1633 1715 1744 1784; x_wconf 86' lang='lat' dir='ltr'><strong>fuerit</strong></span> <span class='ocrx_word' id='word_1_86' title='bbox 1770 1715 1809 1784; x_wconf 91' lang='lat' dir='ltr'><strong>in</strong></span> 
     </span>
     <span class='ocr_line' id='line_1_10' title="bbox 466 1821 1809 1922; baseline -0.001 -24"><span class='ocrx_word' id='word_1_87' title='bbox 466 1829 569 1898; x_wconf 86' lang='lat' dir='ltr'><strong>ouius</strong></span> <span class='ocrx_word' id='word_1_88' title='bbox 589 1823 748 1898; x_wconf 81' lang='lat' dir='ltr'><strong>absentia</strong></span> <span class='ocrx_word' id='word_1_89' title='bbox 773 1823 910 1892; x_wconf 85' lang='lat' dir='ltr'><strong>decano</strong></span> <span class='ocrx_word' id='word_1_90' title='bbox 938 1863 946 1878; x_wconf 92' lang='lat'><strong>·</strong></span> <span class='ocrx_word' id='word_1_91' title='bbox 979 1821 1076 1894; x_wconf 90' lang='lat' dir='ltr'><strong>Item</strong></span> <span class='ocrx_word' id='word_1_92' title='bbox 1102 1823 1198 1916; x_wconf 91' lang='lat' dir='ltr'><strong>quod</strong></span> <span class='ocrx_word' id='word_1_93' title='bbox 1227 1823 1351 1898; x_wconf 82' lang='lat' dir='ltr'><strong>diuino</strong></span> <span class='ocrx_word' id='word_1_94' title='bbox 1378 1825 1503 1898; x_wconf 82' lang='lat' dir='ltr'><strong>laudes</strong></span> <span class='ocrx_word' id='word_1_95' title='bbox 1531 1825 1609 1922; x_wconf 82' lang='lat' dir='ltr'><strong>[eto.</strong></span> <span class='ocrx_word' id='word_1_96' title='bbox 1641 1835 1673 1899; x_wconf 82' lang='lat' dir='ltr'><strong>ot</strong></span> <span class='ocrx_word' id='word_1_97' title='bbox 1690 1825 1809 1921; x_wconf 65' lang='lat' dir='ltr'><strong>stipo-o</strong></span> 
     </span>
    </p>
   </div>
   <div class='ocr_carea' id='block_1_3' title="bbox 465 1932 697 2032">
    <p class='ocr_par' dir='ltr' id='par_1_3' title="bbox 465 1932 697 2032">
     <span class='ocr_line' id='line_1_11' title="bbox 465 1932 697 2032; baseline -0.022 0"><span class='ocrx_word' id='word_1_98' title='bbox 465 1961 524 2032; x_wconf 79' lang='lat' dir='ltr'><strong>ro·</strong></span> <span class='ocrx_word' id='word_1_99' title='bbox 544 1932 697 2027; x_wconf 65' lang='lat'><strong>69-·4·]</strong></span> 
     </span>
    </p>
   </div>
   <div class='ocr_carea' id='block_1_4' title="bbox 461 2153 1807 2924">
    <p class='ocr_par' dir='ltr' id='par_1_4' title="bbox 461 2153 1807 2924">
     <span class='ocr_line' id='line_1_12' title="bbox 466 2153 1807 2258; baseline 0.004 -28"><span class='ocrx_word' id='word_1_100' title='bbox 466 2159 633 2232; x_wconf 80' lang='lat' dir='ltr'><strong>1⁴&#39;ncultos</strong></span> <span class='ocrx_word' id='word_1_101' title='bbox 650 2153 797 2228; x_wconf 76' lang='lat' dir='ltr'><strong>ecclesio</strong></span> <span class='ocrx_word' id='word_1_102' title='bbox 823 2155 1039 2228; x_wconf 81' lang='lat' dir='ltr'><strong>cathedralis</strong></span> <span class='ocrx_word' id='word_1_103' title='bbox 1063 2158 1349 2233; x_wconf 87' lang='lat' dir='ltr'><strong>Abbirdonensrs</strong></span> <span class='ocrx_word' id='word_1_104' title='bbox 1372 2164 1477 2234; x_wconf 69' lang='lat' dir='ltr'><strong>ausa</strong></span> <span class='ocrx_word' id='word_1_105' title='bbox 1501 2174 1541 2235; x_wconf 88' lang='lat' dir='ltr'><strong>et</strong></span> <span class='ocrx_word' id='word_1_106' title='bbox 1570 2174 1807 2258; x_wconf 83' lang='lat' dir='ltr'><strong>augmentata</strong></span> 
     </span>
     <span class='ocr_line' id='line_1_13' title="bbox 464 2267 1805 2365; baseline 0.004 -24"><span class='ocrx_word' id='word_1_107' title='bbox 464 2267 654 2344; x_wconf 85' lang='lat' dir='ltr'><strong>sucoosiiuo</strong></span> <span class='ocrx_word' id='word_1_108' title='bbox 672 2293 735 2363; x_wconf 85' lang='lat' dir='ltr'><strong>per</strong></span> <span class='ocrx_word' id='word_1_109' title='bbox 748 2269 966 2340; x_wconf 86' lang='lat' dir='ltr'><strong>reuerendos</strong></span> <span class='ocrx_word' id='word_1_110' title='bbox 983 2270 1021 2339; x_wconf 93' lang='lat' dir='ltr'><strong>in</strong></span> <span class='ocrx_word' id='word_1_111' title='bbox 1039 2267 1182 2341; x_wconf 90' lang='lat' dir='ltr'><strong>Christo</strong></span> <span class='ocrx_word' id='word_1_112' title='bbox 1193 2281 1315 2365; x_wconf 85' lang='lat' dir='ltr'><strong>patres</strong></span> <span class='ocrx_word' id='word_1_113' title='bbox 1332 2297 1374 2344; x_wconf 88' lang='lat' dir='ltr'><strong>nc</strong></span> <span class='ocrx_word' id='word_1_114' title='bbox 1392 2273 1557 2346; x_wconf 88' lang='lat' dir='ltr'><strong>dominos</strong></span> <span class='ocrx_word' id='word_1_115' title='bbox 1572 2273 1805 2347; x_wconf 85' lang='lat' dir='ltr'><strong>Wiilelmum</strong></span> 
     </span>
     <span class='ocr_line' id='line_1_14' title="bbox 465 2379 1805 2480; baseline 0.002 -24"><span class='ocrx_word' id='word_1_116' title='bbox 465 2381 677 2478; x_wconf 87' lang='lat' dir='ltr'><strong>Elphinston</strong></span> <span class='ocrx_word' id='word_1_117' title='bbox 696 2395 733 2452; x_wconf 83' lang='lat' dir='ltr'><strong>ot</strong></span> <span class='ocrx_word' id='word_1_118' title='bbox 751 2381 945 2454; x_wconf 83' lang='lat' dir='ltr'><strong>Gowinum</strong></span> <span class='ocrx_word' id='word_1_119' title='bbox 964 2379 1118 2452; x_wconf 86' lang='lat' dir='ltr'><strong>Dunbor</strong></span> <span class='ocrx_word' id='word_1_120' title='bbox 1134 2385 1316 2474; x_wconf 84' lang='lat' dir='ltr'><strong>quondam</strong></span> <span class='ocrx_word' id='word_1_121' title='bbox 1343 2395 1382 2456; x_wconf 88' lang='lat' dir='ltr'><strong>et</strong></span> <span class='ocrx_word' id='word_1_122' title='bbox 1408 2387 1454 2457; x_wconf 89' lang='lat' dir='ltr'><strong>de</strong></span> <span class='ocrx_word' id='word_1_123' title='bbox 1470 2385 1628 2480; x_wconf 84' lang='lat' dir='ltr'><strong>presenti</strong></span> <span class='ocrx_word' id='word_1_124' title='bbox 1655 2383 1805 2459; x_wconf 84' lang='lat' dir='ltr'><strong>scelesto</strong></span> 
     </span>
     <span class='ocr_line' id='line_1_15' title="bbox 463 2491 1806 2589; baseline 0 -20"><span class='ocrx_word' id='word_1_125' title='bbox 463 2492 745 2569; x_wconf 77' lang='lat' dir='ltr'><strong>Abbirdonensrs</strong></span> <span class='ocrx_word' id='word_1_126' title='bbox 771 2491 955 2589; x_wconf 86' lang='lat' dir='ltr'><strong>episcopos</strong></span> <span class='ocrx_word' id='word_1_127' title='bbox 973 2494 1018 2565; x_wconf 89' lang='lat' dir='ltr'><strong>od</strong></span> <span class='ocrx_word' id='word_1_128' title='bbox 1045 2491 1343 2566; x_wconf 82' lang='lat' dir='ltr'><strong>iirstentntionem</strong></span> <span class='ocrx_word' id='word_1_129' title='bbox 1363 2499 1577 2569; x_wconf 77' lang='lat' dir='ltr'><strong>vicariorum</strong></span> <span class='ocrx_word' id='word_1_130' title='bbox 1595 2500 1694 2571; x_wconf 90' lang='lat' dir='ltr'><strong>ohori</strong></span> <span class='ocrx_word' id='word_1_131' title='bbox 1713 2498 1806 2571; x_wconf 89' lang='lat' dir='ltr'><strong>eius-</strong></span> 
     </span>
     <span class='ocr_line' id='line_1_16' title="bbox 462 2603 1803 2681; baseline -0.001 0"><span class='ocrx_word' id='word_1_132' title='bbox 462 2611 545 2681; x_wconf 89' lang='lat' dir='ltr'><strong>dem</strong></span> <span class='ocrx_word' id='word_1_133' title='bbox 571 2603 719 2681; x_wconf 87' lang='lat' dir='ltr'><strong>ecolesie</strong></span> <span class='ocrx_word' id='word_1_134' title='bbox 736 2619 774 2678; x_wconf 86' lang='lat' dir='ltr'><strong>ot</strong></span> <span class='ocrx_word' id='word_1_135' title='bbox 792 2605 947 2678; x_wconf 87' lang='lat' dir='ltr'><strong>oliorum</strong></span> <span class='ocrx_word' id='word_1_136' title='bbox 964 2607 1001 2676; x_wconf 93' lang='lat' dir='ltr'><strong>in</strong></span> <span class='ocrx_word' id='word_1_137' title='bbox 1021 2605 1148 2676; x_wconf 82' lang='lat' dir='ltr'><strong>eadem</strong></span> <span class='ocrx_word' id='word_1_138' title='bbox 1167 2603 1448 2678; x_wconf 84' lang='lat' dir='ltr'><strong>ministrantium</strong></span> <span class='ocrx_word' id='word_1_139' title='bbox 1467 2611 1513 2681; x_wconf 84' lang='lat' dir='ltr'><strong>ad</strong></span> <span class='ocrx_word' id='word_1_140' title='bbox 1530 2609 1704 2681; x_wconf 85' lang='lat' dir='ltr'><strong>honorem</strong></span> <span class='ocrx_word' id='word_1_141' title='bbox 1732 2609 1803 2681; x_wconf 91' lang='lat' dir='ltr'><strong>Dei</strong></span> 
     </span>
     <span class='ocr_line' id='line_1_17' title="bbox 462 2717 1803 2814; baseline -0.002 -20"><span class='ocrx_word' id='word_1_142' title='bbox 462 2733 499 2794; x_wconf 88' lang='lat' dir='ltr'><strong>et</strong></span> <span class='ocrx_word' id='word_1_143' title='bbox 528 2717 724 2794; x_wconf 78' lang='lat' dir='ltr'><strong>beatissimo</strong></span> <span class='ocrx_word' id='word_1_144' title='bbox 749 2721 1038 2810; x_wconf 80' lang='lat' dir='ltr'><strong>intemeratequo</strong></span> <span class='ocrx_word' id='word_1_145' title='bbox 1057 2719 1205 2812; x_wconf 77' lang='lat' dir='ltr'><strong>virginis</strong></span> <span class='ocrx_word' id='word_1_146' title='bbox 1228 2721 1415 2812; x_wconf 78' lang='lat' dir='ltr'><strong>genitricis</strong></span> <span class='ocrx_word' id='word_1_147' title='bbox 1439 2720 1598 2792; x_wconf 87' lang='lat' dir='ltr'><strong>eiusdem</strong></span> <span class='ocrx_word' id='word_1_148' title='bbox 1618 2720 1803 2814; x_wconf 87' lang='lat' dir='ltr'><strong>sequitur·</strong></span> 
     </span>
     <span class='ocr_line' id='line_1_18' title="bbox 461 2827 1652 2924; baseline 0 -20"><span class='ocrx_word' id='word_1_149' title='bbox 461 2835 556 2906; x_wconf 70' lang='lat' dir='ltr'><strong>Asta</strong></span> <span class='ocrx_word' id='word_1_150' title='bbox 580 2855 674 2904; x_wconf 90' lang='lat' dir='ltr'><strong>onno</strong></span> <span class='ocrx_word' id='word_1_151' title='bbox 692 2831 838 2902; x_wconf 90' lang='lat' dir='ltr'><strong>Domini</strong></span> <span class='ocrx_word' id='word_1_152' title='bbox 857 2827 1046 2901; x_wconf 78' lang='lat' dir='ltr'><strong>millesimo</strong></span> <span class='ocrx_word' id='word_1_153' title='bbox 1064 2828 1351 2924; x_wconf 83' lang='lat' dir='ltr'><strong>quingentesimo</strong></span> <span class='ocrx_word' id='word_1_154' title='bbox 1369 2833 1624 2904; x_wconf 83' lang='lat' dir='ltr'><strong>decimonono</strong></span> <span class='ocrx_word' id='word_1_155' title='bbox 1643 2887 1652 2903; x_wconf 92' lang='lat'><strong>.</strong></span> 
     </span>
    </p>
   </div>
   <div class='ocr_carea' id='block_1_5' title="bbox 453 3054 1801 4829">
    <p class='ocr_par' dir='ltr' id='par_1_5' title="bbox 453 3054 1801 4829">
     <span class='ocr_line' id='line_1_19' title="bbox 462 3054 1801 3152; baseline 0.001 -24"><span class='ocrx_word' id='word_1_156' title='bbox 462 3055 699 3151; x_wconf 75' lang='lat' dir='ltr'><strong>Episcopus,</strong></span> <span class='ocrx_word' id='word_1_157' title='bbox 800 3110 808 3125; x_wconf 92' lang='lat'><strong>.</strong></span> <span class='ocrx_word' id='word_1_158' title='bbox 911 3109 919 3125; x_wconf 93' lang='lat'><em>.</em></span> <span class='ocrx_word' id='word_1_159' title='bbox 997 3054 1102 3126; x_wconf 77' lang='lat' dir='ltr'><strong>xlm.</strong></span> <span class='ocrx_word' id='word_1_160' title='bbox 1156 3054 1366 3127; x_wconf 85' lang='lat' dir='ltr'><strong>Abbirdour</strong></span> <span class='ocrx_word' id='word_1_161' title='bbox 1402 3111 1412 3128; x_wconf 91' lang='lat'>.</span> <span class='ocrx_word' id='word_1_162' title='bbox 1452 3058 1485 3150; x_wconf 81' lang='lat' dir='ltr'><strong>vj</strong></span> <span class='ocrx_word' id='word_1_163' title='bbox 1504 3057 1569 3129; x_wconf 81' lang='lat' dir='ltr'><strong>tit.</strong></span> <span class='ocrx_word' id='word_1_164' title='bbox 1583 3059 1647 3152; x_wconf 84' lang='lat' dir='ltr'><strong>xiij</strong></span> <span class='ocrx_word' id='word_1_165' title='bbox 1667 3057 1696 3130; x_wconf 84' lang='lat' dir='ltr'><strong>s.</strong></span> <span class='ocrx_word' id='word_1_166' title='bbox 1716 3061 1751 3130; x_wconf 75' lang='lat' dir='ltr'><strong>it·</strong></span> <span class='ocrx_word' id='word_1_167' title='bbox 1764 3058 1801 3131; x_wconf 80' lang='lat' dir='ltr'><strong>d.</strong></span> 
     </span>
     <span class='ocr_line' id='line_1_20' title="bbox 461 3165 1799 3260; baseline -0.001 -19"><span class='ocrx_word' id='word_1_168' title='bbox 461 3169 628 3241; x_wconf 84' lang='lat' dir='ltr'><strong>Decnnus</strong></span> <span class='ocrx_word' id='word_1_169' title='bbox 690 3221 698 3238; x_wconf 90' lang='lat'><strong>.</strong></span> <span class='ocrx_word' id='word_1_170' title='bbox 800 3219 808 3236; x_wconf 92' lang='lat'><strong><em>.</em></strong></span> <span class='ocrx_word' id='word_1_171' title='bbox 911 3165 1101 3260; x_wconf 76' lang='lat' dir='ltr'><strong>.xvjliit.</strong></span> <span class='ocrx_word' id='word_1_172' title='bbox 1154 3166 1289 3239; x_wconf 82' lang='lat' dir='ltr'><strong>Forbes</strong></span> <span class='ocrx_word' id='word_1_173' title='bbox 1403 3222 1411 3240; x_wconf 90' lang='lat'><strong>.</strong></span> <span class='ocrx_word' id='word_1_174' title='bbox 1513 3223 1521 3238; x_wconf 89' lang='lat'><strong>.</strong></span> <span class='ocrx_word' id='word_1_175' title='bbox 1792 3225 1799 3240; x_wconf 91' lang='lat'>.</span> 
     </span>
     <span class='ocr_line' id='line_1_21' title="bbox 459 3274 1798 3375; baseline -0.001 -21"><span class='ocrx_word' id='word_1_176' title='bbox 459 3283 596 3354; x_wconf 77' lang='lat' dir='ltr'><strong>Ceritor</strong></span> <span class='ocrx_word' id='word_1_177' title='bbox 690 3333 697 3350; x_wconf 95' lang='lat'><strong>.</strong></span> <span class='ocrx_word' id='word_1_178' title='bbox 750 3280 782 3372; x_wconf 76' lang='lat' dir='ltr'><strong>vj</strong></span> <span class='ocrx_word' id='word_1_179' title='bbox 803 3277 864 3348; x_wconf 78' lang='lat' dir='ltr'><strong>tit.</strong></span> <span class='ocrx_word' id='word_1_180' title='bbox 883 3279 946 3370; x_wconf 84' lang='lat' dir='ltr'><strong>xiij</strong></span> <span class='ocrx_word' id='word_1_181' title='bbox 965 3277 998 3347; x_wconf 80' lang='lat' dir='ltr'><strong>s.</strong></span> <span class='ocrx_word' id='word_1_182' title='bbox 1017 3279 1052 3347; x_wconf 80' lang='lat' dir='ltr'><strong>iv</strong></span> <span class='ocrx_word' id='word_1_183' title='bbox 1065 3274 1101 3348; x_wconf 85' lang='lat' dir='ltr'><strong>d.</strong></span> <span class='ocrx_word' id='word_1_184' title='bbox 1155 3277 1288 3350; x_wconf 88' lang='lat' dir='ltr'><strong>Eiioun</strong></span> <span class='ocrx_word' id='word_1_185' title='bbox 1403 3335 1411 3350; x_wconf 90' lang='lat'><strong>.</strong></span> <span class='ocrx_word' id='word_1_186' title='bbox 1513 3335 1521 3352; x_wconf 90' lang='lat'><strong>.</strong></span> <span class='ocrx_word' id='word_1_187' title='bbox 1624 3335 1632 3352; x_wconf 91' lang='lat'><em>.</em></span> <span class='ocrx_word' id='word_1_188' title='bbox 1681 3283 1718 3375; x_wconf 89' lang='lat' dir='ltr'><strong>iij</strong></span> <span class='ocrx_word' id='word_1_189' title='bbox 1739 3281 1798 3354; x_wconf 83' lang='lat' dir='ltr'><strong>lib.</strong></span> 
     </span>
     <span class='ocr_line' id='line_1_22' title="bbox 459 3389 1798 3485; baseline -0.001 -19"><span class='ocrx_word' id='word_1_190' title='bbox 459 3394 701 3466; x_wconf 65' lang='lat' dir='ltr'><strong>Correo-lintius</strong></span> <span class='ocrx_word' id='word_1_191' title='bbox 798 3443 807 3460; x_wconf 87' lang='lat'><strong>.</strong></span> <span class='ocrx_word' id='word_1_192' title='bbox 909 3389 1018 3481; x_wconf 74' lang='lat' dir='ltr'><strong>,viij</strong></span> <span class='ocrx_word' id='word_1_193' title='bbox 1038 3389 1100 3460; x_wconf 77' lang='lat' dir='ltr'><strong>litt,</strong></span> <span class='ocrx_word' id='word_1_194' title='bbox 1153 3389 1374 3483; x_wconf 71' lang='lat' dir='ltr'><strong>Kyrrenrdpn</strong></span> <span class='ocrx_word' id='word_1_195' title='bbox 1402 3445 1410 3462; x_wconf 92' lang='lat'><strong>.</strong></span> <span class='ocrx_word' id='word_1_196' title='bbox 1438 3392 1501 3484; x_wconf 87' lang='lat' dir='ltr'><strong>xiij</strong></span> <span class='ocrx_word' id='word_1_197' title='bbox 1516 3391 1579 3463; x_wconf 80' lang='lat' dir='ltr'><strong>lib.</strong></span> <span class='ocrx_word' id='word_1_198' title='bbox 1592 3395 1655 3485; x_wconf 88' lang='lat' dir='ltr'><strong>xiij</strong></span> <span class='ocrx_word' id='word_1_199' title='bbox 1673 3391 1701 3464; x_wconf 85' lang='lat' dir='ltr'><strong>s.</strong></span> <span class='ocrx_word' id='word_1_200' title='bbox 1715 3392 1798 3464; x_wconf 80' lang='lat' dir='ltr'><strong>ivd.</strong></span> 
     </span>
     <span class='ocr_line' id='line_1_23' title="bbox 457 3497 1797 3598; baseline -0.001 -22"><span class='ocrx_word' id='word_1_201' title='bbox 457 3504 706 3578; x_wconf 82' lang='lat' dir='ltr'><strong>Tirosnurorins</strong></span> <span class='ocrx_word' id='word_1_202' title='bbox 741 3505 773 3595; x_wconf 73' lang='lat' dir='ltr'><strong>vj</strong></span> <span class='ocrx_word' id='word_1_203' title='bbox 794 3501 856 3571; x_wconf 80' lang='lat' dir='ltr'><strong>tit.</strong></span> <span class='ocrx_word' id='word_1_204' title='bbox 875 3502 938 3594; x_wconf 88' lang='lat' dir='ltr'><strong>xiij</strong></span> <span class='ocrx_word' id='word_1_205' title='bbox 957 3498 991 3571; x_wconf 80' lang='lat' dir='ltr'><strong>ss.</strong></span> <span class='ocrx_word' id='word_1_206' title='bbox 1011 3502 1045 3570; x_wconf 85' lang='lat' dir='ltr'><strong>iv</strong></span> <span class='ocrx_word' id='word_1_207' title='bbox 1063 3497 1098 3571; x_wconf 90' lang='lat' dir='ltr'><strong>d.</strong></span> <span class='ocrx_word' id='word_1_208' title='bbox 1152 3499 1397 3595; x_wconf 68' lang='lat' dir='ltr'><strong>lnnemochty</strong></span> <span class='ocrx_word' id='word_1_209' title='bbox 1454 3503 1556 3575; x_wconf 76' lang='lat' dir='ltr'><strong>vtis.</strong></span> <span class='ocrx_word' id='word_1_210' title='bbox 1575 3505 1609 3597; x_wconf 80' lang='lat' dir='ltr'><strong>vj</strong></span> <span class='ocrx_word' id='word_1_211' title='bbox 1630 3505 1663 3574; x_wconf 79' lang='lat' dir='ltr'><strong>s.</strong></span> <span class='ocrx_word' id='word_1_212' title='bbox 1684 3506 1742 3598; x_wconf 75' lang='lat' dir='ltr'><strong>viij</strong></span> <span class='ocrx_word' id='word_1_213' title='bbox 1762 3501 1797 3575; x_wconf 85' lang='lat' dir='ltr'><strong>d.</strong></span> 
     </span>
     <span class='ocr_line' id='line_1_24' title="bbox 458 3609 1796 3706; baseline -0.001 -17"><span class='ocrx_word' id='word_1_214' title='bbox 458 3620 741 3690; x_wconf 82' lang='lat' dir='ltr'><strong>Arciridiaconus</strong></span> <span class='ocrx_word' id='word_1_215' title='bbox 763 3617 800 3684; x_wconf 83' lang='lat' dir='ltr'><strong>ix</strong></span> <span class='ocrx_word' id='word_1_216' title='bbox 815 3613 877 3684; x_wconf 67' lang='lat' dir='ltr'><strong>lits.</strong></span> <span class='ocrx_word' id='word_1_217' title='bbox 894 3615 926 3706; x_wconf 75' lang='lat' dir='ltr'><strong>vj</strong></span> <span class='ocrx_word' id='word_1_218' title='bbox 942 3613 974 3682; x_wconf 75' lang='lat' dir='ltr'><strong>ii.</strong></span> <span class='ocrx_word' id='word_1_219' title='bbox 990 3613 1049 3705; x_wconf 83' lang='lat' dir='ltr'><strong>viij</strong></span> <span class='ocrx_word' id='word_1_220' title='bbox 1064 3609 1100 3682; x_wconf 87' lang='lat' dir='ltr'><strong>d.</strong></span> <span class='ocrx_word' id='word_1_221' title='bbox 1154 3611 1318 3684; x_wconf 85' lang='lat' dir='ltr'><strong>Pirilortlr</strong></span> <span class='ocrx_word' id='word_1_222' title='bbox 1401 3668 1409 3684; x_wconf 90' lang='lat'><strong>.</strong></span> <span class='ocrx_word' id='word_1_223' title='bbox 1511 3670 1519 3686; x_wconf 91' lang='lat'><strong>.</strong></span> <span class='ocrx_word' id='word_1_224' title='bbox 1623 3671 1631 3687; x_wconf 91' lang='lat'><strong>.</strong></span> <span class='ocrx_word' id='word_1_225' title='bbox 1694 3617 1796 3688; x_wconf 79' lang='lat' dir='ltr'><strong>vtio.</strong></span> 
     </span>
     <span class='ocr_line' id='line_1_25' title="bbox 457 3722 1797 3823; baseline 0.001 -23"><span class='ocrx_word' id='word_1_226' title='bbox 457 3729 634 3823; x_wconf 78' lang='lat' dir='ltr'><strong>Boiheioy</strong></span> <span class='ocrx_word' id='word_1_227' title='bbox 684 3783 692 3799; x_wconf 90' lang='lat'><strong>.</strong></span> <span class='ocrx_word' id='word_1_228' title='bbox 744 3727 776 3819; x_wconf 77' lang='lat' dir='ltr'><strong>rj</strong></span> <span class='ocrx_word' id='word_1_229' title='bbox 797 3724 859 3797; x_wconf 81' lang='lat' dir='ltr'><strong>lio.</strong></span> <span class='ocrx_word' id='word_1_230' title='bbox 878 3727 940 3819; x_wconf 85' lang='lat' dir='ltr'><strong>xiij</strong></span> <span class='ocrx_word' id='word_1_231' title='bbox 961 3725 992 3795; x_wconf 73' lang='lat' dir='ltr'><strong>ii.</strong></span> <span class='ocrx_word' id='word_1_232' title='bbox 1010 3726 1046 3796; x_wconf 87' lang='lat' dir='ltr'><strong>iv</strong></span> <span class='ocrx_word' id='word_1_233' title='bbox 1062 3722 1099 3796; x_wconf 84' lang='lat' dir='ltr'><strong>d.</strong></span> <span class='ocrx_word' id='word_1_234' title='bbox 1152 3724 1322 3796; x_wconf 85' lang='lat' dir='ltr'><strong>Methlok</strong></span> <span class='ocrx_word' id='word_1_235' title='bbox 1400 3731 1474 3820; x_wconf 76' lang='lat' dir='ltr'><strong>,vj</strong></span> <span class='ocrx_word' id='word_1_236' title='bbox 1494 3729 1556 3801; x_wconf 80' lang='lat' dir='ltr'><strong>lib.</strong></span> <span class='ocrx_word' id='word_1_237' title='bbox 1575 3729 1640 3822; x_wconf 81' lang='lat' dir='ltr'><strong>xiij</strong></span> <span class='ocrx_word' id='word_1_238' title='bbox 1659 3727 1688 3799; x_wconf 84' lang='lat' dir='ltr'><strong>s.</strong></span> <span class='ocrx_word' id='word_1_239' title='bbox 1707 3731 1744 3800; x_wconf 77' lang='lat' dir='ltr'><strong>is·</strong></span> <span class='ocrx_word' id='word_1_240' title='bbox 1760 3727 1797 3801; x_wconf 89' lang='lat' dir='ltr'><strong>d.</strong></span> 
     </span>
     <span class='ocr_line' id='line_1_26' title="bbox 458 3833 1795 3932; baseline -0.001 -18"><span class='ocrx_word' id='word_1_241' title='bbox 458 3841 667 3915; x_wconf 84' lang='lat' dir='ltr'><strong>Murtidock</strong></span> <span class='ocrx_word' id='word_1_242' title='bbox 728 3841 760 3932; x_wconf 73' lang='lat' dir='ltr'><strong>vj</strong></span> <span class='ocrx_word' id='word_1_243' title='bbox 780 3839 841 3910; x_wconf 79' lang='lat' dir='ltr'><strong>lit.</strong></span> <span class='ocrx_word' id='word_1_244' title='bbox 860 3839 923 3930; x_wconf 83' lang='lat' dir='ltr'><strong>xiij</strong></span> <span class='ocrx_word' id='word_1_245' title='bbox 943 3835 972 3908; x_wconf 84' lang='lat' dir='ltr'><strong>s.</strong></span> <span class='ocrx_word' id='word_1_246' title='bbox 991 3839 1043 3932; x_wconf 91' lang='lat' dir='ltr'><strong>iiij</strong></span> <span class='ocrx_word' id='word_1_247' title='bbox 1062 3833 1098 3907; x_wconf 89' lang='lat' dir='ltr'><strong>d.</strong></span> <span class='ocrx_word' id='word_1_248' title='bbox 1149 3834 1331 3910; x_wconf 84' lang='lat' dir='ltr'><strong>Tulinesso</strong></span> <span class='ocrx_word' id='word_1_249' title='bbox 1396 3893 1405 3911; x_wconf 93' lang='lat'><strong>.</strong></span> <span class='ocrx_word' id='word_1_250' title='bbox 1506 3893 1514 3910; x_wconf 93' lang='lat'><strong>.</strong></span> <span class='ocrx_word' id='word_1_251' title='bbox 1617 3895 1626 3912; x_wconf 88' lang='lat'><strong>.</strong></span> <span class='ocrx_word' id='word_1_252' title='bbox 1679 3840 1795 3913; x_wconf 80' lang='lat' dir='ltr'><strong>iviib.</strong></span> 
     </span>
     <span class='ocr_line' id='line_1_27' title="bbox 456 3945 1795 4049; baseline -0.001 -22"><span class='ocrx_word' id='word_1_253' title='bbox 456 3954 561 4049; x_wconf 76' lang='lat' dir='ltr'><strong>Oyne</strong></span> <span class='ocrx_word' id='word_1_254' title='bbox 681 3953 760 4045; x_wconf 74' lang='lat' dir='ltr'><strong>‚vj</strong></span> <span class='ocrx_word' id='word_1_255' title='bbox 779 3952 842 4023; x_wconf 80' lang='lat' dir='ltr'><strong>lio.</strong></span> <span class='ocrx_word' id='word_1_256' title='bbox 861 3951 924 4044; x_wconf 85' lang='lat' dir='ltr'><strong>xiij</strong></span> <span class='ocrx_word' id='word_1_257' title='bbox 945 3949 974 4020; x_wconf 83' lang='lat' dir='ltr'><strong>s.</strong></span> <span class='ocrx_word' id='word_1_258' title='bbox 994 3951 1043 4043; x_wconf 90' lang='lat' dir='ltr'><strong>iiij</strong></span> <span class='ocrx_word' id='word_1_259' title='bbox 1062 3945 1098 4020; x_wconf 88' lang='lat' dir='ltr'><strong>d.</strong></span> <span class='ocrx_word' id='word_1_260' title='bbox 1153 3948 1337 4021; x_wconf 84' lang='lat' dir='ltr'><strong>Dulmaok</strong></span> <span class='ocrx_word' id='word_1_261' title='bbox 1394 4003 1402 4022; x_wconf 91' lang='lat'><strong>.</strong></span> <span class='ocrx_word' id='word_1_262' title='bbox 1504 4005 1513 4023; x_wconf 89' lang='lat'><strong>.</strong></span> <span class='ocrx_word' id='word_1_263' title='bbox 1582 3953 1634 4046; x_wconf 90' lang='lat' dir='ltr'><strong>iiij</strong></span> <span class='ocrx_word' id='word_1_264' title='bbox 1652 3947 1686 4022; x_wconf 73' lang='lat' dir='ltr'><strong>st</strong></span> <span class='ocrx_word' id='word_1_265' title='bbox 1705 3951 1795 4026; x_wconf 88' lang='lat' dir='ltr'><strong>ivd.</strong></span> 
     </span>
     <span class='ocr_line' id='line_1_28' title="bbox 456 4059 1794 4160; baseline 0.001 -23"><span class='ocrx_word' id='word_1_266' title='bbox 456 4065 721 4139; x_wconf 85' lang='lat' dir='ltr'><strong>Innercroudon</strong></span> <span class='ocrx_word' id='word_1_267' title='bbox 744 4066 778 4158; x_wconf 74' lang='lat' dir='ltr'><strong>vj</strong></span> <span class='ocrx_word' id='word_1_268' title='bbox 793 4063 855 4136; x_wconf 82' lang='lat' dir='ltr'><strong>lio.</strong></span> <span class='ocrx_word' id='word_1_269' title='bbox 870 4063 933 4154; x_wconf 87' lang='lat' dir='ltr'><strong>xiij</strong></span> <span class='ocrx_word' id='word_1_270' title='bbox 949 4059 978 4132; x_wconf 84' lang='lat' dir='ltr'><strong>s.</strong></span> <span class='ocrx_word' id='word_1_271' title='bbox 993 4063 1043 4154; x_wconf 90' lang='lat' dir='ltr'><strong>iiij</strong></span> <span class='ocrx_word' id='word_1_272' title='bbox 1057 4059 1094 4133; x_wconf 86' lang='lat' dir='ltr'><strong>d.</strong></span> <span class='ocrx_word' id='word_1_273' title='bbox 1144 4060 1291 4134; x_wconf 83' lang='lat' dir='ltr'><strong>&#39;sorroii&#39;</strong></span> <span class='ocrx_word' id='word_1_274' title='bbox 1389 4115 1397 4132; x_wconf 91' lang='lat'><em>.</em></span> <span class='ocrx_word' id='word_1_275' title='bbox 1500 4119 1507 4134; x_wconf 92' lang='lat'><em>.</em></span> <span class='ocrx_word' id='word_1_276' title='bbox 1611 4119 1619 4136; x_wconf 90' lang='lat'>.</span> <span class='ocrx_word' id='word_1_277' title='bbox 1662 4064 1794 4160; x_wconf 78' lang='lat' dir='ltr'><strong>xijtio.</strong></span> 
     </span>
     <span class='ocr_line' id='line_1_29' title="bbox 456 4171 1793 4271; baseline -0.001 -20"><span class='ocrx_word' id='word_1_278' title='bbox 456 4179 560 4252; x_wconf 80' lang='lat' dir='ltr'><strong>ctare</strong></span> <span class='ocrx_word' id='word_1_279' title='bbox 680 4231 688 4246; x_wconf 90' lang='lat'><strong>.</strong></span> <span class='ocrx_word' id='word_1_280' title='bbox 754 4176 854 4248; x_wconf 81' lang='lat' dir='ltr'><strong>vtio.</strong></span> <span class='ocrx_word' id='word_1_281' title='bbox 874 4175 907 4266; x_wconf 76' lang='lat' dir='ltr'><strong>vj</strong></span> <span class='ocrx_word' id='word_1_282' title='bbox 926 4174 960 4245; x_wconf 80' lang='lat' dir='ltr'><strong>s.</strong></span> <span class='ocrx_word' id='word_1_283' title='bbox 980 4175 1039 4266; x_wconf 87' lang='lat' dir='ltr'><strong>viij</strong></span> <span class='ocrx_word' id='word_1_284' title='bbox 1058 4171 1095 4245; x_wconf 85' lang='lat' dir='ltr'><strong>d.</strong></span> <span class='ocrx_word' id='word_1_285' title='bbox 1147 4172 1311 4267; x_wconf 79' lang='lat' dir='ltr'><strong>Kynkeii</strong></span> <span class='ocrx_word' id='word_1_286' title='bbox 1389 4228 1397 4246; x_wconf 90' lang='lat'><strong>.</strong></span> <span class='ocrx_word' id='word_1_287' title='bbox 1500 4230 1508 4246; x_wconf 90' lang='lat'><strong>.</strong></span> <span class='ocrx_word' id='word_1_288' title='bbox 1611 4177 1793 4271; x_wconf 75' lang='lat' dir='ltr'><strong>‚xvj1iit</strong></span> 
     </span>
     <span class='ocr_line' id='line_1_30' title="bbox 454 4281 1793 4386; baseline -0.001 -21"><span class='ocrx_word' id='word_1_289' title='bbox 454 4291 671 4386; x_wconf 76' lang='lat' dir='ltr'><strong>Bonquirorp</strong></span> <span class='ocrx_word' id='word_1_290' title='bbox 723 4290 755 4382; x_wconf 80' lang='lat' dir='ltr'><strong>vj</strong></span> <span class='ocrx_word' id='word_1_291' title='bbox 775 4287 837 4360; x_wconf 79' lang='lat' dir='ltr'><strong>lib.</strong></span> <span class='ocrx_word' id='word_1_292' title='bbox 856 4288 917 4378; x_wconf 86' lang='lat' dir='ltr'><strong>xiij</strong></span> <span class='ocrx_word' id='word_1_293' title='bbox 938 4284 967 4356; x_wconf 84' lang='lat' dir='ltr'><strong>s.</strong></span> <span class='ocrx_word' id='word_1_294' title='bbox 987 4286 1036 4379; x_wconf 93' lang='lat' dir='ltr'><strong>iiij</strong></span> <span class='ocrx_word' id='word_1_295' title='bbox 1058 4281 1094 4356; x_wconf 88' lang='lat' dir='ltr'><strong>d.</strong></span> <span class='ocrx_word' id='word_1_296' title='bbox 1147 4283 1328 4358; x_wconf 84' lang='lat' dir='ltr'><strong>ltothnen</strong></span> <span class='ocrx_word' id='word_1_297' title='bbox 1391 4339 1399 4356; x_wconf 94' lang='lat'><strong>.</strong></span> <span class='ocrx_word' id='word_1_298' title='bbox 1501 4341 1508 4358; x_wconf 91' lang='lat'><strong>.</strong></span> <span class='ocrx_word' id='word_1_299' title='bbox 1612 4343 1621 4360; x_wconf 92' lang='lat'><strong>.</strong></span> <span class='ocrx_word' id='word_1_300' title='bbox 1673 4291 1710 4361; x_wconf 86' lang='lat' dir='ltr'><strong>ix</strong></span> <span class='ocrx_word' id='word_1_301' title='bbox 1730 4290 1793 4364; x_wconf 81' lang='lat' dir='ltr'><strong>tit.</strong></span> 
     </span>
     <span class='ocr_line' id='line_1_31' title="bbox 456 4393 1792 4498; baseline 0 -24"><span class='ocrx_word' id='word_1_302' title='bbox 456 4401 554 4498; x_wconf 73' lang='lat' dir='ltr'><strong>Deyr</strong></span> <span class='ocrx_word' id='word_1_303' title='bbox 680 4455 689 4471; x_wconf 88' lang='lat'><strong>.</strong></span> <span class='ocrx_word' id='word_1_304' title='bbox 789 4399 907 4492; x_wconf 81' lang='lat' dir='ltr'>.xlvj</span> <span class='ocrx_word' id='word_1_305' title='bbox 928 4399 961 4468; x_wconf 79' lang='lat' dir='ltr'><strong>p,</strong></span> <span class='ocrx_word' id='word_1_306' title='bbox 981 4398 1041 4490; x_wconf 77' lang='lat' dir='ltr'><strong>viij</strong></span> <span class='ocrx_word' id='word_1_307' title='bbox 1059 4393 1096 4467; x_wconf 88' lang='lat' dir='ltr'><strong>d.</strong></span> <span class='ocrx_word' id='word_1_308' title='bbox 1147 4394 1342 4471; x_wconf 81' lang='lat' dir='ltr'><strong>Coldiisne</strong></span> <span class='ocrx_word' id='word_1_309' title='bbox 1389 4453 1398 4470; x_wconf 91' lang='lat'><strong>.</strong></span> <span class='ocrx_word' id='word_1_310' title='bbox 1500 4455 1508 4471; x_wconf 93' lang='lat'>.</span> <span class='ocrx_word' id='word_1_311' title='bbox 1611 4456 1620 4473; x_wconf 92' lang='lat'><em>.</em></span> <span class='ocrx_word' id='word_1_312' title='bbox 1689 4401 1792 4474; x_wconf 79' lang='lat' dir='ltr'><strong>vlit.</strong></span> 
     </span>
     <span class='ocr_line' id='line_1_32' title="bbox 453 4505 1792 4608; baseline -0.001 -20"><span class='ocrx_word' id='word_1_313' title='bbox 453 4515 710 4589; x_wconf 82' lang='lat' dir='ltr'><strong>Oreithmonde</strong></span> <span class='ocrx_word' id='word_1_314' title='bbox 790 4566 798 4584; x_wconf 90' lang='lat'><strong>.</strong></span> <span class='ocrx_word' id='word_1_315' title='bbox 901 4566 910 4582; x_wconf 90' lang='lat'><strong>.</strong></span> <span class='ocrx_word' id='word_1_316' title='bbox 991 4531 1014 4576; x_wconf 81' lang='lat' dir='ltr'><strong>v</strong></span> <span class='ocrx_word' id='word_1_317' title='bbox 1033 4509 1093 4581; x_wconf 75' lang='lat' dir='ltr'><strong>lib.</strong></span> <span class='ocrx_word' id='word_1_318' title='bbox 1146 4505 1366 4604; x_wconf 81' lang='lat' dir='ltr'><strong>Monymussr</strong></span> <span class='ocrx_word' id='word_1_319' title='bbox 1498 4567 1507 4583; x_wconf 90' lang='lat'><strong>.</strong></span> <span class='ocrx_word' id='word_1_320' title='bbox 1609 4515 1710 4608; x_wconf 80' lang='lat' dir='ltr'><strong>‚viij</strong></span> <span class='ocrx_word' id='word_1_321' title='bbox 1729 4514 1792 4586; x_wconf 79' lang='lat' dir='ltr'><strong>tit.</strong></span> 
     </span>
     <span class='ocr_line' id='line_1_33' title="bbox 455 4619 1090 4722; baseline -0.013 -20"><span class='ocrx_word' id='word_1_322' title='bbox 455 4627 631 4722; x_wconf 79' lang='lat' dir='ltr'><strong>Lunrmey</strong></span> <span class='ocrx_word' id='word_1_323' title='bbox 680 4678 689 4696; x_wconf 90' lang='lat'><em>.</em></span> <span class='ocrx_word' id='word_1_324' title='bbox 740 4628 776 4698; x_wconf 87' lang='lat' dir='ltr'><strong>iv</strong></span> <span class='ocrx_word' id='word_1_325' title='bbox 793 4624 857 4696; x_wconf 80' lang='lat' dir='ltr'><strong>lit.</strong></span> <span class='ocrx_word' id='word_1_326' title='bbox 872 4625 904 4719; x_wconf 78' lang='lat' dir='ltr'><strong>vj</strong></span> <span class='ocrx_word' id='word_1_327' title='bbox 924 4620 959 4696; x_wconf 77' lang='lat' dir='ltr'><strong>p,</strong></span> <span class='ocrx_word' id='word_1_328' title='bbox 977 4623 1037 4715; x_wconf 86' lang='lat' dir='ltr'><strong>viij</strong></span> <span class='ocrx_word' id='word_1_329' title='bbox 1056 4619 1090 4694; x_wconf 82' lang='lat' dir='ltr'><strong>d·</strong></span> 
     </span>
     <span class='ocr_line' id='line_1_34' title="bbox 944 4733 1284 4829; baseline -0.003 -21"><span class='ocrx_word' id='word_1_330' title='bbox 944 4735 1097 4808; x_wconf 86' lang='lat' dir='ltr'><strong>Summo</strong></span> <span class='ocrx_word' id='word_1_331' title='bbox 1121 4733 1197 4829; x_wconf 76' lang='lat' dir='ltr'><strong>ij‘ix</strong></span> <span class='ocrx_word' id='word_1_332' title='bbox 1223 4734 1284 4807; x_wconf 78' lang='lat' dir='ltr'><strong>lio</strong></span> 
     </span>
    </p>
   </div>
   <div class='ocr_carea' id='block_1_6' title="bbox 0 0 2310 5964">
    <p class='ocr_par' dir='ltr' id='par_1_6' title="bbox 0 0 2310 5964">
     <span class='ocr_line' id='line_1_35' title="bbox 0 0 2310 5964; baseline 0 4"><span class='ocrx_word' id='word_1_333' title='bbox 0 0 2310 5964; x_wconf 95' lang='lat' dir='ltr'><strong> </strong></span> 
     </span>
    </p>
   </div>
  </div>
 </body>
</html>
