4612 5964
497 706 601 801 xva]
969 703 1373 781 nnnnnonunsa
1769 710 1837 780 119

494 917 555 976 tur
570 916 610 977 et
626 907 841 981 claudantur
856 918 961 1004 porte
977 910 1024 981 de
1041 906 1118 980 sero
1130 908 1219 978 hora
1235 927 1330 975 nona
1347 906 1384 975 in
1403 898 1518 973 estate
1536 909 1575 972 ct
1599 902 1687 973 hora
1710 902 1836 972 ostana

494 1020 530 1088 in
549 1018 679 1112 hyeme
695 1061 703 1077 ·

495 1242 590 1315 Item
607 1247 701 1337 quod
727 1246 773 1317 de
796 1254 917 1318 cetero
934 1266 1007 1314 non
1035 1241 1200 1311 deserant
1222 1238 1302 1310 laici
1329 1237 1459 1310 calices
1476 1245 1541 1308 aut
1557 1234 1754 1329 corporalia
1771 1260 1836 1331 per

492 1354 677 1430 ecclesiam
704 1369 769 1430 aut
798 1357 948 1429 chorum
974 1351 1034 1424 sed
1061 1351 1271 1423 descrantur
1294 1373 1359 1444 per
1383 1347 1584 1422 sacerdotes
1602 1357 1641 1419 ct
1666 1347 1735 1419 hoo
1759 1343 1833 1421 srue

492 1471 653 1543 canonici
672 1467 745 1542 srue
762 1466 940 1562 capellani
954 1461 1026 1542 siut
1042 1461 1258 1534 celebraturi
1278 1503 1286 1518 ·

493 1693 589 1764 Item
606 1693 701 1786 quod
719 1691 840 1762 nullus
858 1685 933 1760 fine
959 1687 1111 1759 clericus
1138 1681 1212 1758 sruc
1238 1685 1349 1758 laicus
1368 1680 1442 1758 line
1459 1685 1587 1759 habitu
1604 1687 1749 1758 decenti
1767 1695 1831 1758 aut

492 1802 618 1877 saltem
652 1801 900 1898 superpellicio
935 1799 1086 1871 chorum
1120 1798 1343 1894 ingrediatur
1382 1809 1547 1892 tempora
1581 1798 1834 1870 celebrationis

491 1915 732 2007 cuiuscunque
758 1913 845 1984 bore
870 1921 909 1982 et
935 1910 979 1982 ad
1007 1908 1175 1982 effecum
1201 1905 1404 2004 premissum
1430 1907 1574 1983 sacrista
1597 1921 1662 1983 aut
1679 1909 1834 1982 bidellus

492 2024 645 2099 bostium
678 2022 891 2096 cancellarie
921 2016 1099 2094 custodiat
1124 2024 1305 2094 neminem
1333 2018 1408 2095 sme
1437 2023 1565 2095 habitu
1592 2023 1729 2094 intrare
1754 2046 1834 2117 per-

492 2141 641 2211 mittens
659 2175 668 2194 ·

493 2362 586 2433 ltem
605 2361 698 2453 qnod
717 2360 885 2453 deinceps
903 2357 1111 2452 capellanus
1124 2359 1185 2450 qui
1203 2359 1410 2451 capitularis
1427 2361 1560 2432 dicitnr
1576 2383 1649 2431 non
1667 2372 1836 2433 exerceat

490 2472 594 2546 suum
610 2473 766 2546 officium
792 2485 957 2566 tempore
984 2467 1158 2564 paschalis
1184 2479 1249 2540 ant
1273 2470 1344 2542 alio
1367 2492 1583 2564 quocunque
1607 2487 1772 2566 tempora
1797 2475 1833 2544 in

491 2585 670 2678 aliquibus
699 2607 821 2658 curam
846 2586 1048 2657 animarum
1078 2582 1379 2653 concernentibus
1405 2590 1633 2674 preterquam
1664 2585 1701 2653 in
1730 2607 1834 2654 cano·

492 2701 582 2770 nicia
608 2698 747 2771 vicariis
780 2698 878 2768 clrori
912 2708 951 2768 et
985 2717 1110 2766 corum
1137 2693 1323 2785 mancipiis
1351 2693 1530 2764 duntaxat
1560 2717 1626 2764 nec
1658 2693 1694 2765 sc
1725 2698 1835 2766 intro-

492 2812 616 2882 mittat
638 2831 721 2881 cum
751 2808 830 2880 aliis
858 2804 1016 2904 personia
1042 2805 1208 2900 quamuis
1235 2804 1329 2876 forto
1359 2808 1452 2877 intra
1482 2808 1670 2878 canoniam
1697 2831 1833 2880 moram

494 2922 664 2993 trabant·

496 3145 588 3216 ltem
607 3145 701 3238 quod
730 3142 1052 3238 quotienscumque
1079 3141 1264 3238 episcopus
1283 3141 1339 3213 vel
1365 3144 1560 3214 canonicus
1585 3141 1638 3215 cst
1660 3155 1834 3216 executor

493 3257 597 3350 officij
628 3257 717 3328 liant
744 3266 900 3348 quatuor
916 3255 1001 3326 tede
1026 3255 1206 3326 duntaxat
1223 3277 1293 3345 quc
1310 3253 1520 3325 deferantur
1536 3277 1601 3348 per
1617 3269 1773 3348 quatuor
1790 3259 1834 3328 dc

493 3365 553 3440 sex
580 3370 698 3462 pueris
728 3362 838 3438 tonsis
856 3366 913 3437 rel
939 3389 1003 3460 pcr
1019 3365 1109 3438 alios
1133 3376 1289 3458 quatuor
1305 3388 1434 3458 pueros
1460 3389 1532 3436 non
1552 3366 1672 3438 tonsos
1695 3369 1833 3463 prouisa

494 3495 614 3553 tamen
633 3479 726 3574 quod
747 3501 818 3549 non
836 3474 1055 3549 misceantur
1071 3479 1171 3571 pueri
1191 3473 1282 3547 tonsr
1301 3499 1383 3548 cum
1402 3501 1473 3548 non
1496 3473 1633 3549 tonsis·

496 3704 591 3776 ltcm
608 3705 703 3798 quod
730 3698 829 3774 misle
856 3699 1056 3796 peculiares
1086 3701 1236 3773 fundate
1262 3723 1344 3771 cum
1374 3713 1483 3773 cantu
1516 3726 1587 3774 non
1618 3707 1835 3777 omittantur

494 3839 719 3911 quacumque
735 3838 781 3887 cx
800 3811 904 3887 causa
922 3816 1008 3906 quin
1026 3813 1116 3886 liant
1132 3837 1215 3885 cum
1233 3823 1343 3884 cantu
1362 3809 1427 3884 nisr
1445 3815 1481 3885 in
1502 3811 1599 3886 sestis
1618 3814 1835 3889 Natiuitatis

493 3928 628 3999 domini
664 3925 865 4021 Epiphanio
895 3925 996 3997 Cone
1025 3927 1160 3998 domini
1188 3924 1293 3996 Fcria
1318 3922 1419 3997 sexta
1446 3925 1660 3998 Parasccues
1688 3925 1836 4001 sabbato

496 4035 630 4113 Pascha
663 4042 700 4110 in
726 4039 785 4109 dic
814 4034 950 4109 Paschc
976 4033 1195 4110 Alscnsronis
1222 4036 1357 4108 domini
1385 4035 1643 4111 penthecostes
1669 4039 1837 4136 Corporis

494 4145 625 4223 Christi
642 4147 904 4244 Assumptionis
921 4150 1006 4221 diuo
1020 4149 1183 4244 Virginis
1202 4147 1449 4221 Dcrlicationis
1467 4147 1616 4224 ecclcsrc
1633 4163 1672 4222 et
1690 4153 1726 4222 in
1745 4151 1835 4225 festo

494 4264 562 4335 loci
581 4263 798 4358 contigerint
816 4303 824 4319 ·

497 4487 591 4560 Item
608 4487 724 4559 diuus
741 4486 961 4558 reuerendus
981 4485 1150 4560 dominus
1167 4486 1214 4558 de
1230 4489 1411 4558 communi
1439 4485 1610 4559 consensu
1637 4501 1676 4560 et
1702 4485 1836 4561 assensn

496 4602 578 4673 diui
605 4598 657 4672 sui
684 4598 833 4694 capituli
852 4608 892 4669 vt
922 4594 1128 4694 promissum
1158 4595 1213 4671 cst
1239 4600 1446 4694 congregati
1476 4597 1602 4672 statuit
1630 4613 1668 4672 et
1696 4601 1837 4676 ordinat
