4612 5964
464 698 510 770 90
960 647 1295 758 ¹numerumn
1368 696 1373 706 ·
1651 665 1830 784 [secum

464 901 759 964 ornamentorum
774 883 925 962 ecclesie
937 881 1200 955 conuertendoa
1217 881 1322 954 iuxta
1332 882 1590 956 ordinationem
1603 885 1753 980 capituli
1766 897 1806 957 et

465 1005 596 1078 clerico
613 1001 766 1097 capituli
784 1023 848 1096 pro
864 995 926 1070 suo
944 995 1066 1066 labore
1083 993 1275 1064 duodecim
1292 994 1452 1066 denauos
1468 1004 1507 1067 et
1523 995 1633 1066 nichil
1651 996 1806 1090 amplius

464 1140 530 1211 per
541 1135 797 1208 quemcunque
809 1111 979 1204 exigetur
995 1104 1056 1176 seu
1071 1105 1266 1198 recipietur
1278 1107 1387 1179 ctiam
1400 1102 1426 1177 st
1440 1103 1484 1178 sit
1496 1109 1611 1202 gratie
1621 1107 1784 1180 oblatum
1798 1150 1807 1168 ·

465 1253 532 1302 nec
551 1223 616 1323 ipfi
634 1227 795 1299 decanus
811 1232 851 1294 et
868 1218 1070 1313 capitulum
1087 1227 1152 1290 aut
1169 1240 1295 1290 eorum
1309 1215 1513 1290 successores
1526 1218 1662 1312 aliquid
1674 1221 1807 1292 exinde

466 1343 618 1436 exigent
642 1337 706 1412 seu
734 1334 914 1427 recipient
942 1331 980 1401 in
1012 1331 1175 1401 futurum
1207 1328 1302 1403 vltra
1327 1328 1494 1402 summam
1521 1329 1681 1424 superius
1707 1343 1809 1405 taxa·

468 1465 544 1526 tam
562 1450 629 1523 sub
656 1471 752 1544 peon
776 1444 1163 1548 excommunicationis
1188 1444 1334 1516 maioris
1358 1440 1535 1515 sentencie
1560 1443 1634 1516 loto
1654 1438 1808 1540 singulu-

467 1567 557 1636 riter
582 1564 620 1634 in
647 1557 808 1654 smgulos
824 1578 847 1626 a
862 1576 935 1647 qua
959 1564 1143 1648 nequeant
1167 1563 1394 1650 preterquam
1411 1579 1432 1628 a
1447 1555 1612 1627 Romano
1637 1555 1808 1650 pontifice

467 1674 604 1748 absolui
622 1666 690 1745 uisr
707 1665 944 1740 satissattioue
970 1662 1136 1760 premissa
1153 1675 1192 1738 et
1208 1668 1247 1738 in
1264 1669 1388 1740 mortia
1411 1666 1563 1741 articulo
1589 1667 1781 1740 dumtaxat
1798 1709 1807 1728 ·

466 1800 505 1858 et
532 1781 790 1859 nichilominus
818 1778 1051 1851 concedimus
1076 1775 1102 1850 sr
1130 1779 1319 1876 contingat
1343 1779 1494 1874 aliquem
1517 1778 1572 1850 rel
1598 1777 1738 1872 aliquos
1762 1780 1808 1852 de

466 1898 628 1992 sirperiue
645 1883 854 1986 expressatis
871 1887 1030 1984 personia
1047 1885 1237 1962 intestatos
1249 1891 1419 1964 decedere
1432 1893 1528 1984 quod
1545 1886 1635 1963 absit
1647 1891 1743 1984 quod
1761 1915 1808 1964 ex

467 2023 555 2082 tnnc
573 2007 667 2080 iufra
684 2005 814 2100 viginti
831 2003 971 2075 dierum
996 1999 1151 2096 spatium
1170 2003 1241 2074 duo
1261 2003 1308 2074 de
1325 1999 1590 2094 consanguineis
1606 1999 1667 2074 seu
1684 2003 1810 2076 amicis

465 2119 677 2192 decedentia
707 2115 855 2212 elegant
882 2115 971 2186 duae
1000 2110 1168 2207 personas
1195 2125 1261 2185 aut
1288 2137 1392 2186 voum
1420 2116 1465 2187 ad
1494 2117 1614 2186 minus
1638 2137 1727 2208 quae
1750 2116 1809 2188 vel

464 2253 574 2325 quam
602 2225 809 2324 presentare
838 2226 1063 2298 tenebuntur
1080 2225 1216 2296 decano
1245 2237 1284 2296 et
1308 2224 1463 2320 'capitulo
1480 2239 1518 2300 et
1541 2229 1577 2298 in
1595 2227 1720 2300 decani
1747 2227 1810 2300 ab·

466 2345 587 2417 sencio
612 2339 740 2412 maiori
766 2334 970 2433 presedenti
992 2349 1030 2408 ct
1053 2335 1214 2430 capitulo
1233 2359 1382 2409 unacum
1407 2339 1609 2410 inuentario
1635 2339 1809 2412 bonorum

465 2455 628 2529 desuntti
646 2473 736 2548 quaa
761 2447 931 2545 personae
956 2461 1021 2522 aut
1045 2445 1234 2543 personam
1252 2443 1328 2520 sme
1351 2449 1626 2522 mntmdtuiono
1642 2447 1703 2522 scu
1721 2451 1810 2524 dila·

465 2569 567 2640 tione
596 2563 813 2640 confirmare
846 2559 1072 2634 tenebuntur
1103 2559 1276 2634 soluendo
1310 2583 1373 2654 pro
1399 2560 1669 2634 confirmatione
1702 2573 1810 2656 prout

466 2676 629 2772 superius
657 2671 713 2750 est
742 2670 945 2770 expressum
976 2684 1016 2744 et
1045 2673 1156 2746 nichil
1187 2672 1343 2766 emplius
1366 2674 1511 2769 exigent
1540 2673 1809 2748 confirmatores

466 2810 687 2886 quocunque
719 2785 831 2861 titulo
855 2784 1016 2858 colorato
1049 2783 1115 2856 lirb
1137 2809 1233 2880 pena
1254 2787 1631 2860 excommonicationis
1663 2787 1809 2862 matoria

466 2901 651 2974 sentencio
668 2898 744 2971 late
761 2899 799 2970 in
817 2897 1038 2970 contrarium
1056 2897 1232 2970 sacientce
1245 2906 1284 2969 et
1301 2921 1323 2970 a
1339 2919 1407 2990 qua
1421 2919 1493 2969 nou
1511 2893 1653 2992 possunt
1670 2897 1808 2974 absolui

467 3010 532 3086 nist
548 3023 586 3082 vt
600 3007 806 3104 premissum
821 3005 875 3080 est
889 3049 898 3066 ·
910 3009 1167 3102 promittentes
1179 3031 1243 3104 pro
1256 3009 1360 3080 nohis
1371 3019 1407 3080 ct
1417 3007 1544 3082 nostris
1557 3006 1808 3086 successoribus

466 3129 503 3199 iu
524 3123 633 3196 uerbo
650 3118 852 3216 pontificali
868 3129 995 3193 contra
1012 3115 1176 3213 premissa
1192 3119 1253 3192 seu
1270 3118 1411 3213 aliquod
1435 3117 1677 3214 premissorum
1695 3147 1808 3198 nunc·

465 3259 574 3332 quam
600 3233 856 3308 contrauenire
880 3242 945 3304 aut
970 3231 1088 3304 succro
1115 3231 1259 3326 publice
1277 3230 1335 3304 rel
1359 3232 1497 3306 occulte
1520 3233 1653 3306 dircite
1670 3235 1727 3308 vel
1754 3239 1808 3309 iu·
1892 3225 1902 3242 ⁰

464 3349 600 3422 directe
616 3340 884 3440 quouisquesrto
910 3342 1031 3416 colore
1047 3356 1112 3416 out
1130 3345 1276 3439 iugenio
1293 3340 1353 3416 seu
1370 3355 1648 3418 manutentum
1672 3345 1808 3422 l'ucccs·

465 3459 562 3534 sorea
579 3456 734 3553 desuper
750 3477 883 3529 vexare
907 3466 972 3528 aut
993 3456 1195 3549 inquietare
1213 3453 1274 3528 sed
1291 3479 1335 3528 ea
1351 3457 1467 3530 omnia
1482 3467 1520 3530 et
1537 3453 1675 3554 srngrrla
1698 3473 1807 3554 prout

465 3573 510 3646 ad
537 3595 604 3644 noa
625 3593 674 3644 ex
696 3567 814 3641 officio
840 3561 959 3640 nostro
985 3567 1151 3660 pastorali
1178 3565 1336 3663 speltore
1360 3565 1551 3642 dinoscitur
1576 3570 1613 3642 in
1638 3574 1806 3646 omnibus

465 3685 536 3758 l'uia
553 3682 697 3779 punttir
714 3691 753 3752 et
771 3678 933 3753 articulis
950 3681 1065 3752 sornra
1081 3681 1217 3774 pariter
1233 3690 1273 3752 et
1289 3677 1414 3752 cffedu
1436 3690 1671 3754 manutenere
1688 3696 1727 3756 et
1743 3687 1807 3757 de·

463 3796 613 3870 sendero
637 3833 647 3854 ·
672 3804 713 3867 et
742 3793 811 3866 hoc
838 3793 1006 3864 omnihus
1037 3815 1190 3886 quorum
1222 3787 1371 3865 interest
1394 3791 1448 3864 rel
1478 3791 1641 3866 interesse
1670 3799 1805 3891 poterit

464 3919 592 3981 uotum
619 3907 773 3980 sacimur
797 3927 865 4001 per
888 3901 1071 4000 presentes
1087 3905 1217 3996 quibua
1237 3905 1275 3976 in
1293 3901 1532 3998 premifforum
1557 3902 1802 3982 testimonium

463 4033 574 4116 atque
587 4019 697 4092 fidem
711 4011 868 4114 sigillum
885 4012 1045 4088 nostrum
1063 4017 1309 4090 austenticum
1324 4037 1470 4090 roceum
1489 4012 1602 4113 tigillo
1618 4023 1802 4094 communi

463 4132 614 4228 capituli
644 4125 758 4202 nostri
786 4151 871 4202 cum
900 4125 1159 4222 subscriptione
1188 4128 1436 4202 canonicorom
1466 4140 1554 4204 tunc
1582 4131 1802 4226 presentium

463 4245 596 4342 apponi
621 4237 784 4315 iushmue
809 4251 850 4314 et
871 4241 1024 4313 serimus
1048 4240 1145 4334 apud
1170 4236 1358 4314 ecclesiam
1380 4237 1531 4314 nostram
1557 4243 1800 4318 cathedralem

462 4359 605 4432 decimo
628 4375 727 4426 nono
753 4351 813 4426 die
838 4347 969 4426 mensu
990 4349 1121 4446 hiarcij
1137 4374 1235 4425 auno
1251 4351 1397 4426 Domini
1421 4349 1609 4428 millesimo
1633 4357 1801 4450 quadrin-

459 4463 662 4568 gentesrnro
677 4459 897 4561 sexagefimo
914 4464 1029 4560 primo
1041 4465 1080 4536 in
1093 4465 1372 4562 congregatione
1387 4461 1504 4540 nostra
1518 4467 1677 4564 generali
1693 4493 1801 4544 cauo-

461 4583 625 4654 nicorum
641 4569 794 4652 ecclesie
810 4571 931 4651 nostre
947 4575 1129 4650 anteditte
1145 4613 1154 4632 ·
