4526 5954
459 725 567 819 xus]
917 727 1323 806 ABERDONENSE.
1728 741 1799 812 989

454 923 633 996 Kelchow
672 929 709 1000 in
744 931 915 1024 parochia
944 927 1094 1004 ecclesre
1121 931 1316 1004 decolore
1346 927 1612 1002 Aberdonensrs
1637 932 1795 1025 dyocesis

452 1059 560 1128 quom
577 1036 615 1110 se
630 1041 669 1112 in
686 1039 768 1115 vsus
784 1045 947 1139 proprios
964 1044 1137 1115 canonice
1153 1043 1316 1132 optinere
1342 1037 1509 1110 dicebant
1533 1041 1578 1112 de
1594 1064 1689 1113 nouo
1711 1069 1795 1118 con·

452 1145 621 1224 struem
647 1149 718 1227 esl'e
743 1151 938 1228 asserentes
963 1153 1179 1227 audoritate
1203 1148 1387 1220 cuiusdam
1411 1149 1589 1244 priuilegij
1607 1159 1648 1222 vt
1673 1155 1794 1226 nullus

451 1260 489 1332 in
505 1266 682 1360 parochijs
699 1261 931 1340 eeclesiarum
944 1265 1081 1358 quasin
1095 1261 1256 1353 proprios
1269 1257 1349 1330 rsus
1360 1260 1527 1352 optinent
1538 1257 1722 1334 ecclesiam
1734 1266 1792 1336 vel

450 1375 626 1470 capellam
652 1389 777 1472 preter
798 1399 924 1449 eorum
951 1370 1126 1448 assensum
1153 1372 1198 1441 de
1224 1393 1318 1442 nouo
1344 1369 1510 1443 edificare
1535 1371 1655 1445 valeat
1680 1369 1745 1446 fibi
1770 1399 1792 1448 a

449 1486 565 1561 felicis
581 1489 842 1562 recordationis
858 1508 953 1580 papa
977 1482 1128 1555 Urbano
1145 1491 1273 1572 quarto
1291 1481 1422 1554 indulti
1439 1482 1581 1556 decerni
1608 1488 1792 1579 petierunt

448 1595 714 1674 sententialiter
736 1600 815 1671 fore
831 1594 1045 1668 diruendam
1064 1633 1073 1650 ·
1092 1615 1234 1665 necnon
1253 1589 1358 1688 super
1375 1593 1524 1666 decimis
1540 1598 1733 1670 maioribus
1750 1608 1788 1671 et

448 1712 646 1784 minoribus
673 1734 716 1782 ac
745 1705 1030 1779 obuentionibus
1056 1705 1272 1776 omnimodis
1305 1707 1600 1799 prouenientibus
1633 1719 1709 1781 tam
1743 1711 1789 1781 de

446 1825 551 1896 terris
568 1832 606 1895 et
623 1820 776 1894 culturis
801 1817 956 1910 proprijs
977 1818 1174 1888 eorundem
1200 1814 1359 1912 magistri
1382 1829 1421 1889 et
1443 1818 1594 1892 fratrum
1611 1843 1718 1915 quam
1741 1821 1787 1893 de

445 1935 526 2029 aliJs
559 1936 663 2006 bonis
689 1929 761 2001 suis
786 1928 956 1999 omnibus
990 1928 1084 1999 infra
1116 1929 1249 2001 didam
1282 1939 1413 2000 terram
1447 1926 1546 2002 suam
1580 1932 1626 2004 de
1660 1933 1787 2006 Cultre

444 2042 683 2118 existentibus
710 2061 798 2134 quas
824 2039 922 2112 idem
948 2039 1059 2112 abbas
1084 2047 1124 2111 et
1149 2049 1351 2112 conuentus
1376 2040 1422 2114 ad
1447 2043 1579 2116 didam
1599 2043 1786 2118 ecclesiam

444 2154 684 2252 parochialem
702 2152 749 2223 de
766 2149 897 2224 Cultre
914 2147 1073 2244 spesture
1090 2160 1130 2222 et
1146 2175 1169 2224 a
1184 2148 1353 2247 magistro
1370 2162 1409 2224 et
1424 2152 1594 2227 fratribus
1618 2157 1785 2250 predistis

444 2277 637 2362 occupatas
666 2271 706 2336 et
740 2257 874 2335 iniuste
903 2263 1072 2336 detentas
1102 2259 1172 2335 elle
1204 2258 1396 2336 afferentes
1423 2259 1488 2336 sibi
1516 2269 1661 2341 nomine
1691 2269 1784 2342 diste

444 2375 593 2452 ecclesie
609 2372 823 2470 parochialis
840 2375 886 2446 de
903 2373 1033 2448 Cultre
1048 2371 1190 2446 restitui
1208 2375 1393 2468 petierunt
1410 2384 1449 2448 et
1465 2375 1558 2470 ipsos
1573 2377 1782 2475 magn'strum

443 2500 483 2563 et
507 2491 636 2562 fratres
661 2486 707 2558 ad
734 2507 860 2586 carum
885 2483 1153 2586 restitutionem
1180 2484 1443 2558 sententialiter
1466 2490 1720 2584 condempnari
1744 2505 1782 2564 et

442 2592 1070 2694 compelli-exhibueruntmugister
1080 2607 1120 2670 et
1130 2598 1259 2669 fratres
1271 2597 1418 2689 prodidi
1428 2599 1581 2690 quedam
1593 2602 1782 2698 priuilegia

441 2712 534 2786 sedis
551 2707 745 2804 apostolice
762 2732 809 2781 ex
822 2732 975 2802 quorum
993 2707 1213 2801 inspectione
1229 2704 1391 2779 constare
1407 2709 1597 2782 ridebatur
1612 2712 1781 2788 fratribus

440 2823 494 2898 sui
511 2823 646 2894 ordinis
661 2819 883 2917 generaliter
898 2818 969 2894 elle
986 2820 1170 2892 indultum
1187 2820 1233 2893 ab
1249 2821 1399 2912 antiquo
1415 2822 1510 2914 quod
1527 2821 1631 2896 liberi
1655 2821 1725 2899 srnt
1741 2841 1780 2900 et

440 2937 601 3028 exempti
619 2957 641 3005 a
657 2928 878 3026 prestatione
904 2931 1125 3005 decimarum
1150 2940 1226 3004 tarn
1252 2932 1298 3003 de
1323 2933 1428 3004 terris
1453 2930 1522 3006 suis
1539 2956 1627 3028 quas
1643 2937 1688 3008 nd
1706 2939 1781 3011 oul-

440 3063 559 3120 turam
577 3047 810 3118 deduxerunt
828 3043 887 3116 vel
905 3044 1091 3117 deducunt
1108 3065 1215 3137 quum
1233 3043 1279 3116 de
1296 3045 1401 3115 terris
1420 3043 1499 3138 alijs
1523 3068 1612 3138 quas
1629 3052 1780 3144 proprijs

439 3159 605 3233 menibus
622 3170 686 3229 aut
705 3155 909 3250 sumptibus
925 3154 1100 3228 excolunt
1120 3178 1262 3228 necnon
1280 3156 1326 3227 de
1343 3157 1430 3227 ortis
1452 3157 1617 3252 virgultis
1641 3161 1780 3235 molen·

439 3273 534 3344 dinis
550 3271 662 3365 pratis
679 3270 792 3341 etiam
810 3279 851 3342 et
867 3266 1026 3362 piscariJs
1044 3266 1115 3340 suis
1132 3291 1175 3340 ac
1191 3265 1402 3339 animalium
1418 3265 1562 3340 suorum
1579 3274 1779 3346 nutrimen-

438 3386 486 3456 tis
502 3385 671 3477 quodque
688 3381 798 3452 liceat
822 3378 982 3452 eiusdem
1009 3379 1144 3452 ordinis
1168 3378 1339 3451 fratribus
1364 3379 1401 3450 in
1426 3382 1530 3452 terris
1547 3381 1695 3456 desertis
1712 3381 1776 3457 srbi

439 3499 497 3589 pin
514 3495 709 3566 deuotione
729 3491 874 3565 collatis
898 3487 1066 3566 ecolesma
1089 3488 1151 3563 scu
1179 3490 1335 3585 capellas
1352 3502 1391 3564 et
1407 3492 1582 3566 cimiteria
1604 3517 1668 3588 pro
1686 3494 1721 3569 se
1737 3510 1776 3571 et

437 3606 643 3678 hominibus
668 3603 740 3676 suis
766 3604 903 3676 ibidem
929 3602 1161 3678 manentibus
1177 3603 1215 3673 in
1233 3603 1338 3674 terris
1354 3612 1419 3674 aut
1434 3603 1585 3678 culturis
1601 3603 1665 3678 srbi
1676 3607 1776 3702 justo

436 3717 547 3790 titulo
563 3716 706 3789 collatis
723 3737 788 3810 pro
805 3713 843 3786 se
859 3737 902 3788 nc
919 3714 1057 3789 familia
1073 3712 1136 3788 sua
1152 3723 1191 3786 et
1208 3709 1475 3786 transeuntibus
1499 3716 1672 3792 fabricare
1697 3745 1777 3816 pro-

436 3831 604 3924 ponendo
620 3827 658 3900 se
674 3823 879 3900 huiusmodi
905 3827 1178 3924 priuilegiorum
1204 3827 1417 3898 nodositate
1442 3823 1775 3927 prorumperem

435 3941 586 4013 liberam
612 3939 721 4033 pleno
738 3941 818 4010 iure
839 3938 936 4032 opud
954 3939 1102 4011 domum
1118 3935 1218 4010 suom
1235 3938 1281 4010 de
1298 3935 1425 4010 Cultre
1441 3961 1525 4010 cum
1541 3942 1718 4016 cimiterio
1736 3957 1776 4019 et

436 4047 646 4147 bsptisterio
662 4047 825 4123 eiusdem
843 4073 986 4124 necnon
1005 4051 1162 4124 decimos
1179 4060 1219 4122 et
1235 4049 1473 4122 obnentiones
1489 4054 1711 4129 omnimodos
1729 4059 1775 4131 de

435 4165 524 4236 ortis
543 4159 710 4257 virgultis
742 4173 782 4235 et
815 4161 1034 4236 molendinis
1058 4163 1171 4258 pretio
1195 4159 1353 4256 piscarijs
1386 4172 1425 4234 et
1448 4163 1600 4237 culturis
1624 4170 1775 4263 proprijs

435 4299 479 4348 ec
507 4275 619 4347 etiam
648 4272 862 4346 animalium
890 4272 1034 4347 suorum
1062 4274 1294 4347 nutrimentis
1322 4295 1463 4347 necnon
1490 4277 1537 4348 de
1564 4280 1671 4351 terrio
1703 4278 1774 4355 suis

434 4387 571 4462 scilicet
587 4387 634 4458 de
649 4383 869 4480 Tulicirepirt
886 4397 925 4459 et
942 4386 1061 4460 Blasio
1085 4382 1150 4458 srbi
1176 4387 1223 4458 de
1246 4383 1376 4474 soresls¹
1398 4385 1509 4484 Regis
1525 4389 1612 4461 dum
1634 4392 1774 4468 deserte

433 4503 579 4575 fuerant
603 4507 643 4570 et
666 4496 809 4572 inculte
825 4496 969 4572 collatis
992 4500 1230 4594 quadraginta
1257 4499 1360 4572 annis
1384 4498 1601 4594 etamplius
1625 4505 1774 4597 pocisice

435 4606 912 4712 possedisse-proposuerunt
921 4613 1031 4686 etiam
1042 4611 1139 4706 quod
1152 4607 1224 4683 suis
1233 4611 1438 4684 hominibus
1449 4611 1487 4684 in
1498 4611 1577 4707 olijs
1588 4617 1693 4689 terris
1702 4615 1773 4692 suis

484 4743 567 4798 vot.
585 4743 627 4795 u.
1088 4729 1152 4797 20
