4590 5954
959 702 1265 778 REGISTRUM
1629 710 1782 807 [sucum

548 1017 631 1092 LX.
659 1017 717 1089 Dc
734 1013 891 1088 custodia
909 1010 1138 1087 Euulraristie
1154 1024 1193 1086 et
1211 1009 1417 1086 visitatione
1434 1016 1657 1092 infirmorum
1675 1061 1683 1076 ·

445 1241 528 1336 HiJs
560 1239 727 1314 addimus
764 1237 874 1309 etiam
908 1237 1002 1327 quod
1037 1261 1120 1310 cum
1155 1233 1362 1310 Eukaristia
1394 1238 1440 1309 ad
1474 1249 1640 1332 egrotum
1674 1243 1784 1313 fauerit

444 1352 637 1426 deferenda
653 1347 786 1420 habeat
803 1343 962 1418 sacerdos
985 1351 1144 1444 pixidem
1162 1351 1336 1422 mundam
1353 1351 1391 1421 in
1409 1372 1482 1443 qua
1499 1347 1543 1421 srt
1559 1349 1663 1424 bursa
1679 1375 1784 1423 mun-

443 1461 581 1538 dilhma
602 1471 642 1533 et
668 1461 706 1531 in
732 1482 776 1530 ea
800 1459 938 1531 deserat
967 1483 1095 1555 corpus
1120 1462 1342 1534 dominicum
1372 1462 1417 1534 ad
1448 1471 1614 1556 egrotum
1645 1462 1782 1534 lintheo

442 1577 578 1648 mundo
602 1565 820 1665 superpohto
846 1569 993 1645 lucerna
1017 1573 1236 1667 precedente
1265 1584 1305 1647 et
1334 1573 1581 1647 tintinnabulo
1608 1575 1652 1646 ad
1680 1576 1782 1645 cuius

441 1687 597 1760 sonitum
615 1683 799 1754 excitetur
814 1681 959 1754 deuotio
977 1684 1137 1756 fidelium
1159 1682 1224 1758 nili
1243 1709 1329 1782 eger
1345 1687 1456 1759 suerit
1474 1685 1579 1757 valde
1594 1695 1755 1757 remotus
1773 1725 1781 1740 ·

441 1801 644 1889 habeatque
663 1790 824 1864 sacerdos
846 1788 970 1866 stolam
995 1797 1187 1887 quamdam
1206 1797 1350 1891 quando
1367 1798 1469 1870 vadit
1485 1798 1530 1870 ad
1552 1807 1716 1892 egrotum
1743 1807 1781 1866 et

441 1907 630 2004 hegrotus
656 1915 817 1977 remotus
842 1929 914 1976 non
938 1907 1047 1977 suerit
1072 1908 1109 1976 in
1132 1905 1381 2001 superpellicio
1399 1909 1572 1982 decenter
1595 1909 1640 1982 ad
1666 1906 1779 2004 ipsum

439 2022 588 2094 accedat
611 2014 637 2089 li
662 2020 755 2089 aeris
781 2019 971 2110 temperies
999 2018 1158 2111 patiatur
1184 2017 1388 2111 habeatque
1407 2041 1468 2092 vas
1493 2032 1705 2116 argenteum
1722 2019 1779 2091 vel

439 2131 629 2204 stanneum
654 2129 700 2202 ad
728 2129 796 2200 hoc
823 2125 1023 2223 specialiter
1050 2128 1265 2221 deputatum
1291 2129 1388 2222 quod
1418 2131 1558 2204 defemt
1588 2130 1707 2204 secum
1735 2131 1780 2204 ad

439 2255 604 2339 egrotum
623 2251 663 2313 vt
690 2242 725 2312 in
753 2263 796 2312 eo
815 2239 933 2311 valcat
958 2240 1042 2310 darc
1068 2251 1195 2332 egroto
1219 2235 1299 2332 post
1323 2235 1501 2334 sumptam
1522 2239 1780 2314 Eucharistiam

438 2356 582 2428 suorum
608 2349 804 2450 [loturam]
830 2351 1021 2446 digitorum
1042 2391 1050 2406 ·
1069 2350 1208 2420 ‹lcscrat
1234 2361 1356 2422 autem
1375 2348 1538 2424 sacerdos
1561 2375 1688 2445 corpus
1706 2351 1780 2424 Do·

439 2469 610 2540 minicum
629 2473 716 2538 ante
733 2465 858 2559 pestus
876 2461 975 2534 lirum
995 2472 1230 2534 reuerentcr·

819 2685 921 2758 LXI.
948 2687 1005 2758 De
1022 2697 1186 2760 extrema
1204 2689 1373 2759 rationo
1391 2727 1400 2744 ·

439 2915 618 2986 hloncaut
635 2912 830 3008 diligenter
845 2908 1044 2984 sacerdotes
1062 2910 1224 2982 infirmos
1238 2910 1474 3004 parochianos
1486 2909 1565 2984 suos
1577 2937 1600 2986 a
1611 2923 1780 3006 quatuor·

437 3028 554 3098 decim
571 3025 675 3096 annis
693 3033 731 3096 et
749 3021 852 3116 supra
868 3023 914 3094 ad
931 3033 1130 3094 extremam
1150 3023 1356 3094 vndionem
1373 3035 1413 3096 et
1430 3025 1598 3096 omnibus
1623 3027 1780 3120 petenti·

438 3139 504 3208 hus
521 3149 559 3208 ct
578 3135 826 3230 penitentibus
842 3135 953 3228 gratis
967 3145 1005 3204 ct
1024 3133 1180 3206 libenter
1192 3133 1391 3205 exhibeant
1409 3133 1476 3206 hoc
1494 3132 1777 3208 sacramentum·

439 3248 533 3320 Item
548 3247 770 3318 denuncient
783 3247 835 3317 cis
847 3243 941 3338 quod
959 3244 1026 3316 hoc
1041 3242 1304 3318 sacramentum
1322 3241 1441 3340 potest
1453 3247 1574 3320 iterari
1588 3246 1723 3320 scilicet
1740 3251 1777 3320 in

435 3359 597 3454 qualibet
615 3358 826 3430 infirmitate
844 3358 889 3428 de
906 3379 975 3451 qua
993 3361 1146 3430 timetur
1161 3368 1282 3429 metus
1299 3359 1428 3430 mortis
1445 3369 1484 3431 et
1501 3361 1596 3451 quod
1614 3358 1692 3454 post
1709 3361 1777 3432 hoc

436 3471 698 3544 incramentum
725 3469 811 3542 licet
836 3471 996 3540 conuerti
1019 3470 1064 3541 ad
1085 3491 1174 3562 opus
1200 3469 1392 3565 coniugale
1408 3471 1509 3543 etad
1527 3470 1598 3543 alia
1615 3485 1654 3542 rt
1681 3473 1777 3565 prius

436 3583 534 3655 licita
551 3623 560 3640 ·
580 3581 712 3654 Oleum
731 3591 854 3654 autem
879 3581 1098 3652 infimiorem
1125 3603 1209 3652 cum
1235 3583 1443 3654 reuerentia
1464 3581 1647 3654 deleratur
1661 3583 1707 3654 ad
1724 3585 1778 3654 in·

435 3697 554 3766 linnos
572 3707 611 3766 ct
629 3716 691 3766 cos
708 3715 792 3765 cum
818 3692 951 3766 honore
973 3692 1133 3765 sacerdos
1151 3703 1262 3787 vagat
1280 3703 1318 3765 ct
1335 3694 1540 3766 orationum
1565 3692 1777 3766 celebritate

433 3831 504 3900 quo
527 3808 572 3879 ad
599 3806 667 3878 hoc
685 3805 768 3878 sunt
793 3805 956 3878 ordinate
973 3819 1012 3878 et
1030 3805 1118 3878 nihil
1147 3806 1233 3876 inde
1258 3827 1326 3877 nec
1352 3827 1419 3902 pro
1443 3803 1523 3896 nlijs
1548 3801 1777 3877 sacramentis
1847 3869 1853 3880 .

433 3923 625 4015 exigatur·
719 4004 723 4015 Ι

699 4137 825 4214 LXII.
852 4137 909 4214 De
926 4143 1001 4214 rita
1020 4155 1057 4216 et
1075 4140 1263 4217 honestate
1279 4143 1491 4217 clericomm
1509 4179 1518 4198 ·

433 4367 489 4441 Vt
513 4365 725 4440 clericorum
748 4361 850 4438 aeus
866 4376 904 4438 et
922 4387 1039 4440 mores
1065 4371 1101 4440 in
1120 4369 1251 4442 melius
1275 4367 1520 4442 reformentur
1543 4369 1774 4441 continenter

429 4491 468 4551 et
485 4475 582 4552 caste
598 4479 721 4550 viuere
741 4471 908 4548 studeant
925 4475 1078 4552 raineria
1104 4479 1291 4576 presertim
1308 4481 1346 4554 in
1364 4477 1471 4554 sacris
1487 4480 1671 4554 ordinibus
1688 4501 1773 4552 con·

429 4589 545 4662 stituti
569 4590 616 4664 ab
632 4589 730 4660 omni
757 4585 916 4660 libidinis
933 4589 1026 4660 ricio
1052 4603 1289 4685 precauentes
1305 4604 1345 4668 et
1361 4593 1521 4690 crapulis
1537 4603 1576 4666 et
1595 4591 1772 4665 ebrietate
