4612 5964
508 774 592 860 xa]
980 771 1383 846 Annnnonnnsn.
1599 739 1602 746 ’
1811 784 1857 855 79

506 963 615 1058 usque
633 963 712 1060 post
726 971 880 1061 primam
898 969 1089 1044 conectam
1104 1011 1113 1030 ·
1127 968 1291 1043 similiter
1302 969 1366 1040 fiat
1377 969 1422 1040 ad
1435 965 1625 1060 vesperas·
1644 967 1747 1041 Idem
1765 975 1854 1042 ordo

504 1077 668 1150 i'eruetur
683 1080 730 1152 ad
748 1083 950 1154 matutinae
976 1083 1084 1155 beate
1101 1081 1220 1154 Merie
1236 1079 1383 1172 virginis
1400 1078 1545 1169 quando
1562 1079 1609 1150 de
1625 1080 1753 1152 eodem
1780 1105 1853 1153 non

503 1189 544 1258 iit
562 1189 712 1282 plenum
730 1189 920 1265 seruitium
935 1189 1027 1265 ficut
1044 1191 1150 1286 supra
1161 1192 1296 1262 dierum
1310 1186 1364 1260 est
1377 1199 1416 1260 et
1429 1185 1595 1262 similiter
1607 1192 1653 1263 ad
1668 1191 1852 1286 vesperas·

564 1400 623 1474 De
639 1399 797 1476 statione
812 1404 858 1475 ad
877 1397 1014 1474 mitram
1031 1401 1196 1474 facienda
1212 1410 1288 1471 tam
1305 1399 1343 1470 in
1361 1395 1462 1471 iestis
1478 1422 1588 1493 quarn
1605 1403 1644 1473 in
1661 1402 1760 1494 ferije
1778 1445 1786 1459 ·

500 1625 561 1695 Ad
588 1623 724 1699 missam
751 1635 877 1698 autem
902 1643 1029 1694 omnes
1054 1621 1174 1694 clerici
1201 1618 1292 1694 stare
1318 1631 1494 1694 tenentur
1510 1618 1576 1693 nisr
1595 1623 1682 1696 dum
1699 1620 1849 1716 epistola

500 1734 557 1806 vei
571 1735 681 1810 lectio
695 1737 852 1832 iegitur·
866 1733 1028 1829 medalio
1040 1732 1097 1804 vel
1109 1735 1244 1805 trabtue
1255 1755 1339 1806 cunr
1352 1731 1423 1804 suis
1436 1727 1621 1834 verficuhe
1630 1743 1827 1806 cantantur
1841 1776 1848 1792 ·

500 1844 544 1917 In
571 1849 740 1920 omnibus
758 1869 843 1918 vero
862 1840 960 1917 iestis
976 1843 1181 1938 duplicibus
1199 1841 1289 1915 stare
1306 1843 1443 1916 dehent
1468 1866 1595 1916 omncs
1621 1844 1742 1918 elerici
1761 1847 1848 1918 durn

497 1959 639 2030 achoro
657 1975 875 2030 nnnnnnun
893 1965 1064 2028 cantatur
1074 1966 1113 2027 et
1124 1955 1168 2026 ad
1188 1952 1349 2048 resperas
1361 1957 1399 2027 in
1417 1956 1477 2028 die
1494 1953 1625 2050 pasche
1634 1980 1717 2028 curn
1733 1957 1849 2029 tribus

498 2069 626 2140 diebus
635 2066 870 2161 sequentibus
881 2106 891 2124 ·
902 2067 1006 2160 pueri
1018 2088 1102 2139 vero
1115 2062 1186 2138 sint
1197 2063 1331 2138 stantes
1340 2067 1386 2139 ad
1400 2067 1449 2138 mi
1454 2063 1537 2140 isam
1549 2067 1659 2140 choro
1670 2081 1826 2142 canente
1839 2111 1847 2126 ·

499 2178 671 2250 Rectoree
684 2201 771 2250 vero
782 2177 883 2250 chori
900 2201 985 2250 cum
998 2178 1070 2250 duo
1082 2188 1228 2250 tantum
1239 2179 1418 2251 habentur
1433 2175 1636 2272 sequuntur
1647 2204 1713 2275 per
1726 2185 1848 2255 omnia

496 2288 659 2383 reguiam
685 2287 900 2362 clericorum
925 2290 972 2362 de
997 2287 1152 2363 secunda
1177 2291 1291 2362 forma
1316 2303 1392 2363 tam
1412 2291 1458 2364 ad
1477 2289 1642 2386 resperas
1666 2315 1775 2385 quarn
1802 2297 1848 2366 ad

497 2403 696 2473 matutinae
716 2401 817 2473 etad
845 2397 980 2474 minam
1008 2399 1074 2474 nisi
1098 2402 1193 2495 quod
1212 2399 1350 2496 semper
1374 2404 1462 2476 dum
1488 2403 1619 2476 chorus
1646 2425 1847 2479 nuncnune

496 2513 594 2584 canit
619 2508 713 2585 stare
738 2521 915 2586 tenentur
930 2550 939 2569 ·
957 2525 996 2585 et
1021 2515 1059 2586 in
1084 2515 1349 2608 inceptionibue
1374 2528 1550 2588 cantuum
1575 2515 1621 2588 ad
1647 2515 1784 2590 miisam
1801 2520 1847 2590 ad

494 2621 610 2694 altare
636 2621 673 2696 se
700 2635 920 2697 conuertunt
949 2663 959 2682 ·
987 2625 1026 2696 in
1051 2624 1256 2718 duplicibus
1283 2647 1368 2696 vero
1397 2622 1498 2698 festis
1525 2647 1653 2698 omnes
1681 2639 1849 2700 cantores

495 2735 593 2807 chori
606 2732 750 2830 gestum
763 2736 864 2809 chori
882 2759 947 2828 per
964 2738 1086 2808 omnia
1103 2737 1314 2808 imitentur·
1329 2733 1409 2830 post
1425 2736 1578 2831 primam
1594 2760 1679 2810 vero
1696 2740 1733 2810 in
1753 2743 1849 2832 cupi·

494 2847 573 2918 tulo
591 2844 685 2920 sture
706 2857 883 2920 tenentur
899 2868 1026 2920 omnes
1042 2847 1163 2920 elerici
1190 2849 1275 2919 dum
1295 2845 1401 2920 leuto
1417 2849 1465 2919 de
1482 2849 1688 2944 martilogio
1714 2851 1850 2944 iegitur

494 2968 532 3029 et
549 2958 682 3032 abhinc
697 2955 807 3052 usque
823 2958 870 3030 ad
889 2957 1176 3032 benedictionem
1194 2956 1299 3052 super
1315 2958 1557 3051 lectioneque
1574 2959 1709 3055 legitur
1725 2957 1845 3034 statiur

496 3065 573 3163 post
591 3071 757 3143 ultimum
774 3072 975 3143 orationem
994 3109 1003 3128 ·
1022 3072 1167 3143 interim
1186 3071 1281 3142 enim
1299 3067 1447 3142 sedeant
1465 3092 1593 3142 omnes
1615 3071 1737 3144 clerici
1756 3113 1765 3130 ·
1784 3075 1846 3146 Au

495 3177 631 3254 miliani
658 3180 861 3275 quamlibet
885 3204 957 3274 que
982 3181 1028 3254 de
1054 3180 1143 3254 feria
1168 3183 1300 3254 dieitur
1324 3193 1430 3254 extro
1455 3192 1603 3276 tempus
1628 3181 1757 3276 pasche
1782 3187 1846 3256 fiat

494 3290 685 3386 prostratio
713 3290 835 3367 statim
862 3289 942 3387 post
966 3311 1132 3365 tuncrus
1159 3291 1266 3386 rsque
1293 3312 1370 3365 rex
1400 3312 1544 3365 norrun
1572 3333 1581 3352 ·
1610 3292 1783 3366 Preterea
1808 3300 1844 3367 in

494 3399 714 3499 sexagesima
729 3405 767 3475 in
786 3405 994 3498 inceptione
1011 3399 1200 3476 cuiussibet
1219 3404 1305 3476 hore
1323 3417 1361 3474 et
1379 3403 1528 3476 laudum
1542 3403 1605 3476 tint
1622 3405 1846 3500 genuflerrio

494 3518 638 3608 quondo
655 3516 703 3586 de
719 3516 810 3588 feria
826 3516 961 3588 dicitur
979 3512 1087 3608 vsque
1112 3515 1157 3586 ad
1183 3538 1310 3587 cenam
1327 3515 1464 3586 domini
1483 3553 1492 3571 ·
1513 3512 1717 3589 prostratus
1733 3521 1843 3590 etiarn

494 3628 605 3700 debet
622 3622 691 3699 eise
708 3628 841 3701 chorus
858 3629 895 3698 in
914 3627 1013 3698 omni
1032 3626 1121 3698 feria
1137 3628 1280 3720 quundo
1298 3626 1344 3698 de
1362 3627 1451 3698 feria
1476 3628 1598 3720 agitur
1621 3639 1727 3700 extra
1753 3641 1846 3701 teru-

496 3761 562 3831 pue
575 3736 703 3833 pasche
716 3749 756 3810 et
769 3739 807 3810 in
822 3738 954 3834 vigiiijs
972 3750 1194 3810 mortuorum
1211 3739 1322 3810 trium
1341 3737 1537 3810 lectionum
1551 3739 1596 3810 ad
1612 3759 1779 3812 runcano
1798 3767 1843 3814 ex

495 3873 567 3941 quo
584 3850 718 3923 dicitur
734 3850 892 3944 primum
910 3870 1036 3922 nram
1052 3851 1168 3921 donec
1186 3849 1327 3922 dicatur
1343 3847 1472 3921 ultima
1485 3850 1603 3922 oratio
1620 3851 1665 3922 cd
1686 3873 1844 3926 orarun-

494 3962 582 4034 dum
599 3963 734 4036 dieitur
759 3981 884 4035 rurae
911 3981 1058 4035 norrea
1082 3973 1169 4034 onte
1192 3959 1363 4034 lectiones
1387 3961 1452 4033 fiat
1478 3963 1590 4033 etiam
1616 3959 1844 4056 prostratioa

495 4084 574 4145 toto
590 4073 700 4146 choro
726 4072 913 4167 quousque
930 4073 1065 4145 dicitur
1081 4091 1129 4144 nr
1148 4091 1199 4143 ur
1216 4091 1286 4144 noo
1303 4067 1383 4166 post
1406 4071 1585 4166 psalmum
1604 4093 1846 4148 neurmcrus

495 4184 621 4256 eodem
640 4184 749 4256 modo
774 4181 854 4278 post
879 4181 1057 4278 psalmum
1084 4201 1318 4254 nronrncnr
1335 4183 1381 4255 ad
1400 4202 1597 4255 runcano·
1616 4183 1790 4260 Pretereo
1807 4192 1843 4258 in

495 4295 593 4390 serije
626 4295 672 4367 ah
706 4295 915 4390 inceptione
942 4317 967 4366 o
996 4313 1196 4367 turronem
1230 4291 1339 4387 iique
1370 4296 1417 4366 ad
1445 4294 1606 4391 vigiliam
1642 4300 1846 4371 natiuitatis

495 4407 632 4480 domini
670 4427 744 4479 non
778 4407 875 4480 fiunt
918 4401 1172 4500 prostrationes
1206 4447 1215 4465 ·
1250 4410 1288 4480 in
1320 4405 1501 4500 obsequije
1535 4418 1761 4482 mortuorum
1799 4414 1844 4484 nd

497 4537 664 4592 emoneo
689 4541 758 4590 nec
774 4515 821 4589 ed
839 4537 978 4590 maron
1004 4539 1071 4589 nec
1087 4516 1133 4591 ad
1151 4517 1275 4592 laudes
1292 4519 1436 4612 quando
1462 4514 1641 4612 expetitio
1665 4524 1846 4618 euangelij

495 4633 540 4706 ad
559 4631 759 4703 matutinae
776 4628 824 4702 de
840 4630 902 4702 dic
917 4629 1097 4702 habeatur
1113 4671 1122 4686 ·
